3509 5750
868 705 958 776 778

427 880 606 945 Fraternis
621 882 746 944 animis
762 880 932 961 quidquid
947 888 1053 961 negat
1068 880 1156 942 alter
1171 888 1206 942 et
1222 881 1324 955 alter;

425 998 624 1059 Annuimus
638 996 770 1076 pariter
784 996 894 1058 vetuli
906 995 1053 1075 notique
1068 996 1228 1058 columbi.

425 1114 481 1173 Tu
495 1112 616 1172 nidum
631 1128 762 1185 servas;
785 1128 850 1190 ego
864 1110 970 1170 laudo
985 1109 1076 1170 ruris
1091 1109 1231 1171 amoeni

428 1226 535 1288 Rivos
550 1234 584 1287 et
598 1243 718 1286 musco
733 1224 927 1286 circumlita
942 1242 1025 1285 saxa
1039 1242 1241 1304 nemusque.

427 1339 519 1419 Quid
534 1339 696 1420 quaeris?
737 1338 828 1401 Vivo
844 1346 879 1399 et
894 1356 1004 1418 regno
1019 1336 1123 1398 simul
1135 1338 1204 1399 ista
1218 1337 1344 1417 reliqui

427 1454 523 1532 Quae
538 1472 600 1515 vos
615 1452 657 1513 ad
673 1452 808 1514 caelum
823 1452 925 1513 fertis
939 1469 1080 1513 rumore
1095 1452 1263 1514 secundo:

430 1568 547 1647 thue
562 1566 752 1629 sacerdotis
765 1565 940 1646 fugitivus
953 1565 1025 1626 liba
1038 1584 1176 1641 recuso;

428 1683 521 1744 Pane
537 1700 622 1761 egeo
637 1681 708 1759 jam
723 1680 867 1742 mellitis
882 1680 1018 1760 potiore
1033 1679 1212 1759 placentis,

427 1796 555 1858 Vivere
568 1802 714 1856 naturae
730 1795 758 1855 si
774 1794 1028 1856 convenienter
1043 1802 1183 1873 oportet

430 1909 684 1989 Ponendaeque
699 1909 804 1970 domo
819 1908 1020 1990 quaerenda
1035 1916 1087 1970 est
1109 1928 1189 1970 area
1202 1908 1365 1988 primum,

429 2023 613 2084 Novistine
627 2023 740 2083 locum
757 2022 928 2101 potiorem
944 2039 1026 2083 rure
1040 2022 1167 2085 beato?

430 2139 493 2199 Est
507 2138 566 2198 ubi
581 2137 659 2216 plus
673 2144 819 2215 tepeant
833 2136 981 2214 hiemeS,
996 2136 1058 2196 ubi
1073 2138 1207 2216 gratior
1223 2155 1308 2198 aura

430 2251 557 2313 Leniat
572 2258 607 2312 et
621 2250 757 2311 rabiem
772 2250 879 2312 Canis
895 2258 931 2311 et
945 2257 1124 2312 momenta
1140 2251 1279 2327 LeoniS‚

428 2366 515 2428 Cum
531 2365 639 2427 semel
655 2364 792 2443 accepit
809 2364 926 2426 Solem
944 2365 1157 2426 furibundus
1172 2369 1337 2426 acutum?

431 2481 494 2542 Est
507 2480 568 2541 ubi
582 2479 726 2541 divellat
740 2497 882 2540 somnos
896 2479 1013 2540 minus
1027 2479 1147 2542 invida
1162 2484 1267 2541 cura?

431 2593 594 2655 Deterius
609 2593 750 2672 Libycis
765 2593 837 2654 olet
852 2601 912 2654 aut
927 2594 1016 2655 nitet
1030 2594 1140 2655 herba
1154 2593 1307 2673 lapillis?

430 2707 552 2768 Purior
565 2707 600 2767 in
615 2706 701 2768 vicis
716 2725 805 2786 aqua
820 2708 933 2768 tendit
947 2725 1113 2788 rumpere
1127 2706 1310 2787 plumbum

431 2822 543 2902 Quam
558 2800 646 2902 quae
660 2839 724 2902 per
734 2840 884 2902 pronum
895 2821 1049 2903 trepidat
1061 2841 1139 2884 cum
1154 2839 1334 2883 murmure
1350 2820 1489 2882 rivum?

431 2936 566 3014 Nempe
580 2936 673 2997 inter
687 2936 802 2998 varias
817 2937 975 2998 nutritur
989 2937 1077 2998 silva
1090 2938 1277 3013 columam,

432 3050 678 3130 Laudaturque
693 3049 817 3112 domus
830 3053 955 3131 longos
970 3069 1060 3130 quae
1074 3051 1243 3131 prospicit
1259 3067 1368 3130 agros,

432 3163 602 3225 Naturam
616 3164 770 3242 expellas
783 3165 880 3225 furca
895 3172 1013 3226 tamen
1035 3183 1145 3246 usque
1158 3171 1324 3240 recurret,

432 3278 478 3339 Et
491 3277 583 3338 mala
596 3285 799 3357 perrumpet
814 3277 939 3339 furtim
955 3278 1098 3341 fastidia
1112 3279 1248 3341 victrix.

505 3390 524 3423 Ur
534 3398 537 3404 ·
646 3391 665 3424 Ur
787 3392 806 3425 Ἄ·
928 3392 947 3425 Ἄ·
1069 3393 1088 3426 fl·
1212 3393 1231 3426 Ἄ·
1353 3391 1372 3424 te

434 3489 531 3550 Haec
542 3488 606 3551 tibi
623 3489 797 3551 dictabam
812 3498 890 3571 post
904 3491 1026 3552 fanum
1041 3498 1142 3570 putre
1156 3491 1330 3566 Vacunae,

434 3604 591 3684 Excepto
605 3603 698 3686 quod
712 3622 782 3665 non
797 3605 901 3665 simul
915 3622 1011 3666 esses
1026 3611 1163 3666 caetera
1176 3605 1297 3666 laetus.
