3509 5750
909 717 945 775 66

736 888 860 957 CARM.
886 910 915 973 3.
961 891 1105 962 XXIX.

537 1037 691 1104 Fortuna
706 1061 810 1105 saevo
825 1044 919 1105 laeta
932 1045 1076 1124 negotio
1092 1054 1128 1107 et

537 1156 675 1219 Ludum
696 1158 908 1220 insolentem
923 1160 1044 1222 ludere
1066 1162 1229 1240 pertinax

575 1272 802 1334 Transmutat
816 1254 969 1335 incertos
988 1275 1147 1356 honores,

615 1386 718 1449 Nune
731 1386 827 1465 mihi,
842 1405 937 1448 nunc
951 1387 1010 1449 alii
1025 1389 1186 1470 benigna.

535 1500 654 1561 Laudo
668 1506 892 1575 manentem;
915 1501 943 1562 si
959 1502 1089 1564 celeres
1104 1504 1216 1583 quatit

534 1614 671 1675 Pennas
685 1614 826 1695 resigno
841 1634 929 1696 quae
943 1615 1049 1695 dedit,
1065 1626 1101 1679 et
1116 1637 1193 1679 mea

575 1727 716 1789 Virtute
737 1748 793 1789 me
818 1729 959 1792 involvo
973 1731 1186 1811 probamque

615 1842 821 1921 Pauperiem
840 1845 917 1907 sine
931 1845 1012 1907 dote
1027 1864 1166 1926 quaero,

594 1972 612 2006 Ἰε
735 1974 753 2008 'k
877 1976 896 2010 ἃ
1019 1976 1037 2010 'k
1160 1977 1178 2011 Ἰε
1301 1979 1320 2013 ’k

777 2172 904 2240 CARM.
927 2194 959 2256 4.
1011 2175 1075 2241 IX.

591 2306 611 2341 se
732 2308 751 2343 ie
873 2310 893 2345 ὓ
1015 2311 1034 2345 ’k
1156 2312 1175 2346 ’k
1297 2313 1315 2347 Ἰε

534 2405 612 2465 Non
627 2406 863 2485 possidentem
879 2400 989 2469 m‘ulta
1006 2410 1184 2470 vocaveris

533 2519 642 2581 Recte
657 2521 820 2584 beatum:
843 2522 973 2584 rectius
987 2530 1133 2602 occupat

573 2633 710 2695 Nomen
726 2634 820 2697 beati
835 2636 895 2716 qui
910 2636 1055 2698 deorum

575 2775 577 2780 ·
614 2748 820 2811 Muneribus
842 2751 1019 2829 sapienter
1038 2752 1091 2813 uti

534 2861 734 2943 Duramque
749 2863 855 2926 callet
869 2865 1071 2945 pauperiem
1086 2867 1168 2945 pati,

530 2975 701 3056 PeJ'usque
716 2978 789 3039 leto
803 2977 976 3058 flagitium
990 2979 1100 3058 timet,

571 3089 651 3151 Non
664 3090 725 3151 ille
739 3109 804 3170 pro
819 3093 908 3154 caris
923 3094 1043 3155 amicis

609 3204 683 3267 Aut
696 3206 812 3285 patria
826 3207 970 3270 timidus
985 3209 1109 3287 perire.

685 3515 689 3527 '
729 3504 853 3572 cxxx.
880 3525 909 3589 3.
959 3506 1103 3573 XXIX.

528 3656 547 3691 *
670 3656 690 3691 ⁴*
813 3658 832 3693 *
956 3660 1019 3721 Ille
1041 3666 1165 3739 potens
1187 3661 1241 3722 sui

529 3772 726 3851 Laetusque
741 3771 855 3852 deget,
871 3773 927 3834 cui
942 3773 1023 3836 lieet
1037 3774 1073 3835 in
1089 3775 1181 3836 diem

570 3885 708 3949 Dixisse
722 3886 826 3949 Vixi:
848 3905 925 3949 cras
945 3888 1003 3950 vel
1024 3896 1101 3950 atra

612 4001 716 4063 Nube
731 4000 850 4081 polum
866 4000 970 4063 Pater
983 4010 1151 4083 occupato

527 4113 594 4176 Vel
609 4115 680 4177 sole
693 4132 782 4196 puro
798 4139 807 4190 3
828 4134 900 4177 non
915 4123 1032 4178 tamen
1048 4117 1187 4179 irritum

530 4228 770 4309 Quodcunque
790 4237 887 4292 retro
902 4236 955 4293 est
969 4230 1103 4309 efficiet,
1119 4250 1235 4312 neque

567 4343 736 4422 Diffinget
749 4344 990 4425 iniectumque
1003 4344 1127 4407 reddet

607 4457 708 4536 Quod
723 4458 863 4539 fugiens
885 4460 994 4521 semel
1016 4459 1101 4522 hora
1115 4461 1219 4523 vexit.
