3509 5750
860 655 898 710 24

365 842 499 905 Deinde
514 862 555 904 eo
570 842 769 920 dormitum,
785 861 856 904 non
872 843 1041 906 sollicitus
1056 844 1142 905 mihi
1157 845 1249 925 quod
1265 862 1341 907 cras

365 956 584 1038 Surgendum
599 956 643 1018 sit
658 975 769 1035 mane,
784 957 966 1019 obeundus
983 958 1133 1038 Marsya,
1149 960 1210 1039 qui
1222 978 1258 1021 se

364 1072 510 1133 Vultum
524 1060 736 1150 ferre'negat
752 1069 945 1132 Noviorum
957 1090 1058 1152 posse
1073 1073 1228 1136 minoris

364 1185 420 1246 Ad
434 1191 592 1265 quartam
610 1184 727 1262 jaceo;
750 1193 827 1264 post
841 1184 931 1245 hanc
945 1204 1055 1266 vagor
1070 1210 1078 1262 3
1100 1193 1161 1247 aut
1175 1205 1251 1266 ego,
1267 1186 1359 1246 lecto
1464 1175 1466 1180 ’

363 1299 438 1360 Aut
448 1298 575 1379 scripto
590 1296 682 1377 quod
694 1317 749 1359 me
763 1298 909 1360 tacitum
922 1300 1031 1379 juvet,
1046 1319 1162 1381 ungor
1176 1301 1277 1379 olivo,

365 1412 445 1474 Non
460 1432 527 1494 quo
541 1412 710 1475 fraudatis
725 1412 926 1475 immundus
943 1414 1052 1476 Natta
1065 1414 1226 1477 lucernis.

364 1527 430 1589 Ast
443 1527 504 1588 ubi
518 1546 574 1588 me
585 1527 716 1590 fessum
732 1528 782 1589 sol
797 1528 909 1589 acrior
923 1528 974 1590 ire
989 1531 1145 1591 lavatum

364 1641 557 1703 Admonuit
571 1641 669 1720 fugio
684 1642 854 1722 Campum
867 1642 1053 1723 lusumque
1073 1642 1258 1723 trigonem.

365 1756 515 1818 Pransus
528 1774 597 1816 non
613 1755 722 1833 avide,
732 1763 903 1836 quantum
915 1756 1119 1836 interpellet
1133 1756 1230 1818 inani

364 1870 497 1931 Ventre
511 1869 603 1931 diem
619 1869 752 1948 durare,
768 1869 981 1932 domesticus
996 1870 1095 1932 otior.
1140 1870 1240 1931 Haec
1254 1877 1310 1932 est

364 1984 446 2045 Vita
460 1984 651 2045 solutorum
665 1983 793 2044 misera
807 1983 998 2045 ambitione
1013 1984 1184 2063 gravique
1197 2008 1205 2059 ;

366 2097 433 2159 His
446 2116 502 2158 me
517 2097 674 2159 consolor
688 2097 862 2161 victurum
877 2097 1017 2159 suavius
1033 2116 1073 2158 ac
1089 2097 1118 2159 si

365 2211 535 2291 Quaestor
549 2228 635 2273 avus
643 2218 744 2290 pater
757 2218 861 2291 atque
876 2228 976 2272 meus
991 2218 1205 2292 patruusque
1218 2211 1351 2273 fuisset.

724 2547 850 2618 CARM.
871 2568 901 2631 3.
952 2548 1017 2617 IV.

442 2721 461 2762 *
583 2721 602 2761 *
722 2718 741 2751 lt
862 2720 882 2760 *
1002 2720 1021 2760 ὴ
1142 2717 1161 2750 lt
1283 2719 1302 2760 ηε

486 2834 543 2895 Me
556 2831 733 2896 fabulosae
748 2830 899 2893 Vulture
913 2831 950 2892 in
966 2831 1083 2912 Apulo

484 2947 627 3009 Altricis
641 2954 741 3008 extra
754 2945 861 3006 limen
876 2945 1027 3025 Apuliae
1078 2932 1083 2946 ’
1147 3028 1149 3031 v

526 3061 624 3122 Ludo
638 3060 894 3140 fatigatumque
910 3078 1032 3121 somno

566 3174 701 3237 Fronde
716 3193 808 3236 nova
822 3192 969 3254 puerum
984 3173 1166 3252 palumbes

488 3291 632 3368 Texere,
649 3288 776 3349 mirum
792 3288 883 3368 quod
900 3288 991 3350 foret
1006 3289 1178 3366 omnibus,

486 3406 691 3485 Quicunque
706 3403 815 3464 celsae
830 3403 952 3464 nidum
967 3402 1202 3464 Acherontiae

528 3519 712 3597 Saltusque
729 3516 897 3577 Bantinos
912 3522 948 3577 et
963 3534 1086 3578 arvum

458 3647 460 3650 ’
568 3633 700 3712 Pingue
717 3637 840 3693 tenent
853 3631 993 3692 humilis
1009 3630 1159 3708 Forenti,

489 3748 538 3809 Ut
552 3753 629 3809 tuto
643 3745 687 3807 ab
703 3746 788 3807 atris
803 3763 947 3825 corpore
959 3744 1088 3824 viperis

489 3861 687 3924 Dormirem
701 3868 738 3922 et
748 3860 851 3938 ursis,
866 3867 906 3921 ut
916 3877 1097 3940 premerer
1111 3877 1208 3921 sacra
