3509 5750
907 693 943 747 84

413 861 516 925 Nunc
530 882 596 944 age
611 863 695 944 quid
708 870 868 925 nostrum
884 871 1092 926 concentum
1105 865 1239 927 dividat
1254 866 1345 928 audi.

411 977 523 1056 Quem
539 985 661 1040 tenues
675 977 823 1040 decuere
838 985 941 1058 togae
956 979 1126 1060 nitidique
1141 980 1265 1060 capilli,

410 1092 523 1171 Quem
538 1093 603 1154 scis
616 1092 808 1153 immunem
823 1092 970 1155 Cinarae
985 1094 1156 1173 placuisse
1171 1097 1297 1175 rapaci,

411 1206 524 1285 Quem
538 1206 697 1268 bibulum
712 1206 836 1288 liquidi
851 1207 965 1269 media
979 1207 1024 1269 de
1042 1208 1119 1269 luce
1135 1210 1283 1288 Falerni,

411 1319 528 1381 Coena
540 1320 659 1382 brevis
672 1320 772 1399 juvat
787 1327 823 1382 et
836 1340 946 1401 prope
960 1322 1076 1384 rivum
1091 1342 1236 1386 somnus
1250 1326 1287 1386 in
1304 1325 1425 1401 herba;

412 1433 486 1496 Nec
500 1435 624 1498 lusisse
639 1436 746 1516 pudet
761 1437 823 1498 sed
836 1455 907 1498 non
922 1437 1076 1499 incidere
1090 1438 1223 1502 ludum.

413 1549 492 1611 Non
508 1550 586 1612 istic
600 1550 739 1630 obliquo
754 1550 853 1612 oculo
870 1570 948 1612 mea
962 1553 1145 1614 commoda
1160 1554 1345 1634 quisquam

415 1663 540 1739 Limat‚
556 1682 627 1725 non
641 1664 720 1725 odio
735 1664 882 1727 ob‘scuro
897 1683 1084 1746 morsuque
1099 1676 1265 1744 venenat3

414 1777 544 1839 Rident
560 1778 664 1841 vicini
679 1778 800 1858 glebas
814 1786 849 1840 et
864 1798 950 1840 saxa
964 1787 1172 1844 moventem,

454 1891 473 1925 te
595 1892 614 1926 te
735 1891 754 1925 ’k
881 1893 900 1927 ’k
1022 1894 1041 1928 ’le
1163 1895 1182 1929 ’k
1305 1896 1324 1930 te

793 2172 881 2242 SAT.
908 2191 938 2242 2.
988 2172 1053 2242 Vl.

413 2329 492 2389 Hoc
507 2326 632 2388 eratin
647 2326 755 2389 votis:
777 2327 903 2387 modus
918 2325 994 2406 agri
1009 2344 1081 2387 non
1099 2326 1148 2387 ita
1162 2344 1319 2406 magnus,

414 2443 546 2503 Hortus
556 2440 617 2501 ubi
631 2447 666 2501 et
680 2446 772 2502 tecto
786 2439 921 2501 vicinus
935 2439 1028 2520 jugis
1044 2457 1154 2519 aquae
1170 2438 1249 2500 fons

416 2558 462 2619 Et
472 2557 614 2638 paulum
628 2555 736 2616 silvae
751 2572 854 2633 super
867 2554 922 2615 his
936 2553 1038 2615 foret.
1082 2553 1231 2614 Auctius
1246 2560 1354 2633 atque

414 2673 459 2733 Di
473 2671 596 2732 melius
610 2670 734 2731 iecere.
777 2670 871 2729 Bene
887 2677 948 2730 est.
991 2667 1051 2727 Nil
1065 2668 1213 2747 amplius
1228 2686 1299 2743 oro,

414 2786 505 2849 Maia
519 2792 610 2863 nate,
624 2784 692 2846 nisi
706 2791 746 2845 ut
759 2784 899 2863 propria
912 2784 997 2843 haec
1010 2782 1098 2844 mihi
1118 2800 1265 2844 munera
1279 2782 1381 2844 faxis.

414 2901 452 2964 Si
465 2918 580 2980 neque
593 2900 762 2978 majorem
777 2897 845 2960 feci
858 2897 994 2960 ratione
1008 2898 1102 2957 mala
1116 2916 1192 2958 rem

415 3015 489 3077 Nec
502 3033 579 3076 sum
593 3014 749 3075 facturus
763 3012 849 3074 vitio
863 3012 1008 3091 culpave
1022 3011 1209 3089 minorem;

414 3129 451 3192 Si
466 3146 614 3191 veneror
627 3127 754 3190 stultus
769 3126 854 3187 nihil
869 3126 1012 3187 horum:
1036 3125 1083 3186 ‘O
1098 3125 1127 3186 si
1142 3125 1291 3204 angulus
1306 3124 1365 3185 ille

414 3242 596 3304 Proximus
610 3240 749 3303 accedat
765 3241 824 3320 qui
837 3259 932 3301 nunc
946 3239 1127 3301 denormat
1142 3239 1309 3319 agellum!
