<?xml version="1.0" encoding="UTF-8"?>
<!DOCTYPE html PUBLIC "-//W3C//DTD XHTML 1.0 Transitional//EN"
    "http://www.w3.org/TR/xhtml1/DTD/xhtml1-transitional.dtd">
<html xmlns="http://www.w3.org/1999/xhtml" xml:lang="en" lang="en">
 <head>
  <title>
</title>
<meta http-equiv="Content-Type" content="text/html;charset=utf-8" />
  <meta name='ocr-system' content='tesseract 3.04.00' />
  <meta name='ocr-capabilities' content='ocr_page ocr_carea ocr_par ocr_line ocrx_word'/>
</head>
<body>
  <div class='ocr_page' id='page_1' title='image "./horacehislifefr00horagoog_0098.png"; bbox 0 0 3509 5750; ppageno 0'>
   <div class='ocr_carea' id='block_1_1' title="bbox 922 684 958 738">
    <p class='ocr_par' dir='ltr' id='par_1_1' title="bbox 922 684 958 738">
     <span class='ocr_line' id='line_1_1' title="bbox 922 684 958 738; baseline 0 0"><span class='ocrx_word' id='word_1_1' title='bbox 922 684 958 738; x_wconf 84' lang='lat'><strong>90</strong></span> 
     </span>
    </p>
   </div>
   <div class='ocr_carea' id='block_1_2' title="bbox 540 852 1269 2190">
    <p class='ocr_par' dir='ltr' id='par_1_2' title="bbox 540 852 1269 2190">
     <span class='ocr_line' id='line_1_2' title="bbox 546 852 1269 935; baseline 0.006 -22"><span class='ocrx_word' id='word_1_2' title='bbox 546 852 670 914; x_wconf 87' lang='lat' dir='ltr'><strong>Primis</strong></span> <span class='ocrx_word' id='word_1_3' title='bbox 684 861 720 914; x_wconf 92' lang='lat' dir='ltr'><strong>et</strong></span> <span class='ocrx_word' id='word_1_4' title='bbox 735 872 900 915; x_wconf 89' lang='lat' dir='ltr'><strong>venerem</strong></span> <span class='ocrx_word' id='word_1_5' title='bbox 913 862 947 916; x_wconf 90' lang='lat' dir='ltr'><strong>et</strong></span> <span class='ocrx_word' id='word_1_6' title='bbox 963 856 1094 934; x_wconf 90' lang='lat' dir='ltr'><strong>proelia</strong></span> <span class='ocrx_word' id='word_1_7' title='bbox 1109 854 1269 935; x_wconf 89' lang='lat' dir='ltr'><strong>destinat,</strong></span> 
     </span>
     <span class='ocr_line' id='line_1_3' title="bbox 544 966 1183 1047; baseline 0.005 -22"><span class='ocrx_word' id='word_1_8' title='bbox 544 966 687 1028; x_wconf 84' lang='lat' dir='ltr'><strong>Frustra</strong></span> <span class='ocrx_word' id='word_1_9' title='bbox 701 991 707 1029; x_wconf 92' lang='lat'>:</span> <span class='ocrx_word' id='word_1_10' title='bbox 730 986 811 1027; x_wconf 90' lang='lat' dir='ltr'><strong>nam</strong></span> <span class='ocrx_word' id='word_1_11' title='bbox 823 966 959 1047; x_wconf 88' lang='lat' dir='ltr'><strong>gelidos</strong></span> <span class='ocrx_word' id='word_1_12' title='bbox 973 967 1104 1029; x_wconf 88' lang='lat' dir='ltr'><strong>inficiet</strong></span> <span class='ocrx_word' id='word_1_13' title='bbox 1118 968 1183 1030; x_wconf 89' lang='lat' dir='ltr'><strong>tibi</strong></span> 
     </span>
     <span class='ocr_line' id='line_1_4' title="bbox 584 1082 999 1161; baseline 0.005 -20"><span class='ocrx_word' id='word_1_14' title='bbox 584 1082 705 1142; x_wconf 93' lang='lat' dir='ltr'><strong>Rubro</strong></span> <span class='ocrx_word' id='word_1_15' title='bbox 721 1082 890 1161; x_wconf 88' lang='lat' dir='ltr'><strong>sanguine</strong></span> <span class='ocrx_word' id='word_1_16' title='bbox 905 1082 999 1143; x_wconf 91' lang='lat' dir='ltr'><strong>rivos</strong></span> 
     </span>
     <span class='ocr_line' id='line_1_5' title="bbox 550 1195 1058 1275; baseline 0.002 -20"><span class='ocrx_word' id='word_1_17' title='bbox 550 1224 553 1229; x_wconf 32' lang='lat' dir='ltr'><strong><em>J</em></strong></span> <span class='ocrx_word' id='word_1_18' title='bbox 624 1195 761 1258; x_wconf 88' lang='lat' dir='ltr'><strong>Lascivi</strong></span> <span class='ocrx_word' id='word_1_19' title='bbox 777 1196 918 1257; x_wconf 83' lang='lat' dir='ltr'>suboles</span> <span class='ocrx_word' id='word_1_20' title='bbox 932 1196 1058 1275; x_wconf 83' lang='lat' dir='ltr'><strong>gregis,</strong></span> 
     </span>
     <span class='ocr_line' id='line_1_6' title="bbox 543 1311 1211 1391; baseline 0.001 -19"><span class='ocrx_word' id='word_1_21' title='bbox 543 1313 594 1372; x_wconf 87' lang='lat' dir='ltr'><strong>Te</strong></span> <span class='ocrx_word' id='word_1_22' title='bbox 610 1311 793 1391; x_wconf 86' lang='lat' dir='ltr'><strong>flagrantis</strong></span> <span class='ocrx_word' id='word_1_23' title='bbox 814 1319 915 1373; x_wconf 83' lang='lat' dir='ltr'><strong>atrox</strong></span> <span class='ocrx_word' id='word_1_24' title='bbox 929 1311 1015 1373; x_wconf 90' lang='lat' dir='ltr'><strong>hora</strong></span> <span class='ocrx_word' id='word_1_25' title='bbox 1026 1312 1211 1374; x_wconf 83' lang='lat' dir='ltr'><strong>Caniculae</strong></span> 
     </span>
     <span class='ocr_line' id='line_1_7' title="bbox 544 1425 1180 1505; baseline 0.002 -20"><span class='ocrx_word' id='word_1_26' title='bbox 544 1426 663 1487; x_wconf 83' lang='lat' dir='ltr'><strong>Nescit</strong></span> <span class='ocrx_word' id='word_1_27' title='bbox 678 1433 832 1505; x_wconf 87' lang='lat' dir='ltr'><strong>tangere,</strong></span> <span class='ocrx_word' id='word_1_28' title='bbox 849 1433 887 1487; x_wconf 93' lang='lat' dir='ltr'><strong>tu</strong></span> <span class='ocrx_word' id='word_1_29' title='bbox 902 1426 1014 1505; x_wconf 78' lang='lat' dir='ltr'><strong>frigus</strong></span> <span class='ocrx_word' id='word_1_30' title='bbox 1029 1425 1180 1487; x_wconf 84' lang='lat' dir='ltr'><strong>amabile</strong></span> 
     </span>
     <span class='ocr_line' id='line_1_8' title="bbox 555 1525 979 1602; baseline 0.002 -4"><span class='ocrx_word' id='word_1_31' title='bbox 555 1525 558 1532; x_wconf 67' lang='grc'><strong>’</strong></span> <span class='ocrx_word' id='word_1_32' title='bbox 584 1539 698 1600; x_wconf 85' lang='lat' dir='ltr'><strong>Fessis</strong></span> <span class='ocrx_word' id='word_1_33' title='bbox 713 1558 854 1602; x_wconf 91' lang='lat' dir='ltr'><strong>vomere</strong></span> <span class='ocrx_word' id='word_1_34' title='bbox 868 1539 979 1601; x_wconf 88' lang='lat' dir='ltr'><strong>tauris</strong></span> 
     </span>
     <span class='ocr_line' id='line_1_9' title="bbox 623 1654 1066 1734; baseline 0.005 -20"><span class='ocrx_word' id='word_1_35' title='bbox 623 1654 772 1715; x_wconf 89' lang='lat' dir='ltr'><strong>Praebes</strong></span> <span class='ocrx_word' id='word_1_36' title='bbox 787 1661 821 1715; x_wconf 92' lang='lat' dir='ltr'><strong>et</strong></span> <span class='ocrx_word' id='word_1_37' title='bbox 836 1654 952 1734; x_wconf 88' lang='lat' dir='ltr'><strong>pecori</strong></span> <span class='ocrx_word' id='word_1_38' title='bbox 967 1673 1066 1733; x_wconf 84' lang='lat' dir='ltr'><strong>vage.</strong></span> 
     </span>
     <span class='ocr_line' id='line_1_10' title="bbox 543 1767 1196 1849; baseline 0.003 -22"><span class='ocrx_word' id='word_1_39' title='bbox 543 1767 624 1829; x_wconf 89' lang='lat' dir='ltr'><strong>Fies</strong></span> <span class='ocrx_word' id='word_1_40' title='bbox 638 1768 811 1829; x_wconf 88' lang='lat' dir='ltr'><strong>nobilium</strong></span> <span class='ocrx_word' id='word_1_41' title='bbox 827 1778 865 1829; x_wconf 92' lang='lat' dir='ltr'><strong>tu</strong></span> <span class='ocrx_word' id='word_1_42' title='bbox 881 1786 1018 1849; x_wconf 93' lang='lat' dir='ltr'><strong>quoque</strong></span> <span class='ocrx_word' id='word_1_43' title='bbox 1033 1769 1196 1847; x_wconf 75' lang='lat' dir='ltr'><strong>fontium,</strong></span> 
     </span>
     <span class='ocr_line' id='line_1_11' title="bbox 540 1881 1196 1962; baseline 0.003 -21"><span class='ocrx_word' id='word_1_44' title='bbox 540 1882 597 1942; x_wconf 90' lang='lat' dir='ltr'><strong>Me</strong></span> <span class='ocrx_word' id='word_1_45' title='bbox 613 1881 749 1944; x_wconf 87' lang='lat' dir='ltr'><strong>dicente</strong></span> <span class='ocrx_word' id='word_1_46' title='bbox 764 1882 856 1945; x_wconf 89' lang='lat' dir='ltr'><strong>cavis</strong></span> <span class='ocrx_word' id='word_1_47' title='bbox 866 1883 1066 1962; x_wconf 87' lang='lat' dir='ltr'><strong>impositam</strong></span> <span class='ocrx_word' id='word_1_48' title='bbox 1081 1883 1196 1945; x_wconf 89' lang='lat' dir='ltr'><strong>ilicem</strong></span> 
     </span>
     <span class='ocr_line' id='line_1_12' title="bbox 582 1995 977 2077; baseline 0.005 -22"><span class='ocrx_word' id='word_1_49' title='bbox 582 1995 690 2074; x_wconf 83' lang='lat' dir='ltr'><strong>Saxis,</strong></span> <span class='ocrx_word' id='word_1_50' title='bbox 705 1996 798 2057; x_wconf 89' lang='lat' dir='ltr'><strong>unde</strong></span> <span class='ocrx_word' id='word_1_51' title='bbox 813 1998 977 2077; x_wconf 88' lang='lat' dir='ltr'><strong>loquaces</strong></span> 
     </span>
     <span class='ocr_line' id='line_1_13' title="bbox 621 2110 1086 2190; baseline 0.004 -20"><span class='ocrx_word' id='word_1_52' title='bbox 621 2110 801 2190; x_wconf 88' lang='lat' dir='ltr'><strong>Lymphae</strong></span> <span class='ocrx_word' id='word_1_53' title='bbox 817 2110 983 2172; x_wconf 90' lang='lat' dir='ltr'><strong>desiliunt</strong></span> <span class='ocrx_word' id='word_1_54' title='bbox 998 2117 1086 2172; x_wconf 89' lang='lat' dir='ltr'><strong>tuae.</strong></span> 
     </span>
    </p>
   </div>
   <div class='ocr_carea' id='block_1_3' title="bbox 420 2439 1360 2902">
    <p class='ocr_par' dir='ltr' id='par_1_3' title="bbox 420 2439 1360 2902">
     <span class='ocr_line' id='line_1_14' title="bbox 651 2439 1109 2509; baseline 0.011 -7"><span class='ocrx_word' id='word_1_55' title='bbox 651 2498 652 2502; x_wconf 73' lang='grc'>,</span> <span class='ocrx_word' id='word_1_56' title='bbox 740 2440 862 2509; x_wconf 77' lang='lat' dir='ltr'><strong>Eprsr.</strong></span> <span class='ocrx_word' id='word_1_57' title='bbox 887 2460 913 2509; x_wconf 91' lang='lat'><strong>1.</strong></span> <span class='ocrx_word' id='word_1_58' title='bbox 963 2439 1109 2509; x_wconf 86' lang='lat' dir='ltr'><strong>XVIII.</strong></span> 
     </span>
     <span class='ocr_line' id='line_1_15' title="bbox 499 2591 1360 2635; baseline -0.012 0"><span class='ocrx_word' id='word_1_59' title='bbox 499 2594 518 2635; x_wconf 84' lang='lat'><strong>*</strong></span> <span class='ocrx_word' id='word_1_60' title='bbox 640 2592 658 2625; x_wconf 63' lang='lat' dir='ltr'><strong>a</strong></span> <span class='ocrx_word' id='word_1_61' title='bbox 780 2594 798 2635; x_wconf 82' lang='lat'><em>*</em></span> <span class='ocrx_word' id='word_1_62' title='bbox 920 2591 939 2625; x_wconf 64' lang='lat' dir='ltr'><strong>s</strong></span> <span class='ocrx_word' id='word_1_63' title='bbox 1060 2594 1079 2634; x_wconf 71' lang='lat' dir='ltr'><strong>a</strong></span> <span class='ocrx_word' id='word_1_64' title='bbox 1200 2593 1219 2633; x_wconf 64' lang='grc' dir='ltr'><strong>ιιι</strong></span> <span class='ocrx_word' id='word_1_65' title='bbox 1342 2591 1360 2624; x_wconf 66' lang='lat' dir='ltr'><strong>u</strong></span> 
     </span>
     <span class='ocr_line' id='line_1_16' title="bbox 421 2705 1207 2787; baseline 0 -21"><span class='ocrx_word' id='word_1_66' title='bbox 421 2707 478 2767; x_wconf 89' lang='lat' dir='ltr'><strong>Me</strong></span> <span class='ocrx_word' id='word_1_67' title='bbox 493 2706 630 2786; x_wconf 91' lang='lat' dir='ltr'><strong>quoties</strong></span> <span class='ocrx_word' id='word_1_68' title='bbox 643 2705 754 2767; x_wconf 92' lang='lat' dir='ltr'><strong>reficit</strong></span> <span class='ocrx_word' id='word_1_69' title='bbox 768 2706 907 2787; x_wconf 89' lang='lat' dir='ltr'><strong>gelidus</strong></span> <span class='ocrx_word' id='word_1_70' title='bbox 924 2706 1091 2786; x_wconf 87' lang='lat' dir='ltr'><strong>Digentia</strong></span> <span class='ocrx_word' id='word_1_71' title='bbox 1104 2706 1207 2784; x_wconf 88' lang='lat' dir='ltr'><strong>rivus,</strong></span> 
     </span>
     <span class='ocr_line' id='line_1_17' title="bbox 420 2820 1275 2902; baseline -0.001 -21"><span class='ocrx_word' id='word_1_72' title='bbox 420 2820 531 2900; x_wconf 78' lang='lat' dir='ltr'><strong>Quem</strong></span> <span class='ocrx_word' id='word_1_73' title='bbox 548 2820 710 2883; x_wconf 88' lang='lat' dir='ltr'><strong>Mandela</strong></span> <span class='ocrx_word' id='word_1_74' title='bbox 725 2821 823 2900; x_wconf 90' lang='lat' dir='ltr'><strong>bibit,</strong></span> <span class='ocrx_word' id='word_1_75' title='bbox 839 2839 988 2902; x_wconf 89' lang='lat' dir='ltr'><strong>rugosus</strong></span> <span class='ocrx_word' id='word_1_76' title='bbox 1002 2821 1134 2902; x_wconf 80' lang='lat' dir='ltr'><strong>frigore</strong></span> <span class='ocrx_word' id='word_1_77' title='bbox 1156 2837 1275 2900; x_wconf 87' lang='lat' dir='ltr'><strong>pagus,</strong></span> 
     </span>
    </p>
   </div>
   <div class='ocr_carea' id='block_1_4' title="bbox 419 2933 1445 3701">
    <p class='ocr_par' dir='ltr' id='par_1_4' title="bbox 420 2933 1338 3016">
     <span class='ocr_line' id='line_1_18' title="bbox 420 2933 1338 3016; baseline -0.001 -20"><span class='ocrx_word' id='word_1_78' title='bbox 420 2934 511 3013; x_wconf 84' lang='lat' dir='ltr'><strong>Quid</strong></span> <span class='ocrx_word' id='word_1_79' title='bbox 525 2936 651 2996; x_wconf 88' lang='lat' dir='ltr'><strong>sentire</strong></span> <span class='ocrx_word' id='word_1_80' title='bbox 667 2941 794 3015; x_wconf 85' lang='lat' dir='ltr'><strong>putas?</strong></span> <span class='ocrx_word' id='word_1_81' title='bbox 809 2936 892 3016; x_wconf 88' lang='lat' dir='ltr'><strong>quid</strong></span> <span class='ocrx_word' id='word_1_82' title='bbox 908 2935 1029 3013; x_wconf 80' lang='lat' dir='ltr'><strong>crediS,</strong></span> <span class='ocrx_word' id='word_1_83' title='bbox 1046 2935 1165 3011; x_wconf 86' lang='lat' dir='ltr'><strong>amice,</strong></span> <span class='ocrx_word' id='word_1_84' title='bbox 1181 2933 1338 3014; x_wconf 87' lang='lat' dir='ltr'><strong>precari?</strong></span> 
     </span>
    </p>

    <p class='ocr_par' dir='ltr' id='par_1_5' title="bbox 421 3047 1423 3244">
     <span class='ocr_line' id='line_1_19' title="bbox 421 3047 1423 3129; baseline -0.002 -20"><span class='ocrx_word' id='word_1_85' title='bbox 421 3048 474 3110; x_wconf 80' lang='lat' dir='ltr'><strong>Sit</strong></span> <span class='ocrx_word' id='word_1_86' title='bbox 486 3049 572 3110; x_wconf 88' lang='lat' dir='ltr'><strong>mihi</strong></span> <span class='ocrx_word' id='word_1_87' title='bbox 588 3049 680 3129; x_wconf 91' lang='lat' dir='ltr'><strong>quod</strong></span> <span class='ocrx_word' id='word_1_88' title='bbox 693 3068 786 3112; x_wconf 90' lang='lat' dir='ltr'><strong>nunc</strong></span> <span class='ocrx_word' id='word_1_89' title='bbox 801 3057 863 3128; x_wconf 86' lang='lat' dir='ltr'><strong>est,</strong></span> <span class='ocrx_word' id='word_1_90' title='bbox 878 3050 985 3111; x_wconf 88' lang='lat' dir='ltr'><strong>etiam</strong></span> <span class='ocrx_word' id='word_1_91' title='bbox 1000 3050 1136 3125; x_wconf 89' lang='lat' dir='ltr'><strong>minus;</strong></span> <span class='ocrx_word' id='word_1_92' title='bbox 1159 3047 1295 3110; x_wconf 88' lang='lat' dir='ltr'><strong>etmihi</strong></span> <span class='ocrx_word' id='word_1_93' title='bbox 1308 3047 1423 3109; x_wconf 89' lang='lat' dir='ltr'><strong>vivam</strong></span> 
     </span>
     <span class='ocr_line' id='line_1_20' title="bbox 422 3161 1355 3244; baseline -0.002 -21"><span class='ocrx_word' id='word_1_94' title='bbox 422 3162 522 3241; x_wconf 83' lang='lat' dir='ltr'><strong>Quod</strong></span> <span class='ocrx_word' id='word_1_95' title='bbox 536 3170 695 3242; x_wconf 88' lang='lat' dir='ltr'><strong>superest</strong></span> <span class='ocrx_word' id='word_1_96' title='bbox 716 3164 803 3242; x_wconf 90' lang='lat' dir='ltr'><strong>aevi,</strong></span> <span class='ocrx_word' id='word_1_97' title='bbox 819 3164 848 3225; x_wconf 90' lang='lat' dir='ltr'><strong>si</strong></span> <span class='ocrx_word' id='word_1_98' title='bbox 864 3164 946 3244; x_wconf 92' lang='lat' dir='ltr'><strong>quid</strong></span> <span class='ocrx_word' id='word_1_99' title='bbox 960 3181 1143 3243; x_wconf 85' lang='lat' dir='ltr'><strong>superesse</strong></span> <span class='ocrx_word' id='word_1_100' title='bbox 1159 3162 1283 3223; x_wconf 92' lang='lat' dir='ltr'><strong>volunt</strong></span> <span class='ocrx_word' id='word_1_101' title='bbox 1298 3161 1333 3222; x_wconf 89' lang='lat' dir='ltr'><strong>di</strong></span> <span class='ocrx_word' id='word_1_102' title='bbox 1347 3185 1355 3237; x_wconf 89' lang='lat'>;</span> 
     </span>
    </p>

    <p class='ocr_par' dir='ltr' id='par_1_6' title="bbox 422 3276 1314 3358">
     <span class='ocr_line' id='line_1_21' title="bbox 422 3276 1314 3358; baseline -0.003 -20"><span class='ocrx_word' id='word_1_103' title='bbox 422 3277 475 3339; x_wconf 87' lang='lat' dir='ltr'><strong>Sit</strong></span> <span class='ocrx_word' id='word_1_104' title='bbox 489 3277 581 3339; x_wconf 91' lang='lat' dir='ltr'><strong>bona</strong></span> <span class='ocrx_word' id='word_1_105' title='bbox 594 3277 765 3339; x_wconf 89' lang='lat' dir='ltr'><strong>librorum</strong></span> <span class='ocrx_word' id='word_1_106' title='bbox 779 3285 815 3339; x_wconf 91' lang='lat' dir='ltr'><strong>et</strong></span> <span class='ocrx_word' id='word_1_107' title='bbox 829 3279 989 3357; x_wconf 88' lang='lat' dir='ltr'><strong>provisae</strong></span> <span class='ocrx_word' id='word_1_108' title='bbox 1004 3277 1116 3358; x_wconf 83' lang='lat' dir='ltr'><strong>frugis</strong></span> <span class='ocrx_word' id='word_1_109' title='bbox 1130 3276 1167 3337; x_wconf 93' lang='lat' dir='ltr'><strong>in</strong></span> <span class='ocrx_word' id='word_1_110' title='bbox 1183 3294 1314 3336; x_wconf 87' lang='lat' dir='ltr'><strong>annum</strong></span> 
     </span>
    </p>

    <p class='ocr_par' dir='ltr' id='par_1_7' title="bbox 421 3390 1299 3472">
     <span class='ocr_line' id='line_1_22' title="bbox 421 3390 1299 3472; baseline -0.002 -19"><span class='ocrx_word' id='word_1_111' title='bbox 421 3390 536 3470; x_wconf 90' lang='lat' dir='ltr'><strong>Copia,</strong></span> <span class='ocrx_word' id='word_1_112' title='bbox 552 3410 620 3452; x_wconf 92' lang='lat' dir='ltr'><strong>neu</strong></span> <span class='ocrx_word' id='word_1_113' title='bbox 634 3391 767 3454; x_wconf 87' lang='lat' dir='ltr'><strong>fluitem</strong></span> <span class='ocrx_word' id='word_1_114' title='bbox 782 3393 908 3453; x_wconf 85' lang='lat' dir='ltr'><strong>dubiae</strong></span> <span class='ocrx_word' id='word_1_115' title='bbox 922 3410 984 3472; x_wconf 87' lang='lat' dir='ltr'><strong>spe</strong></span> <span class='ocrx_word' id='word_1_116' title='bbox 999 3391 1170 3471; x_wconf 89' lang='lat' dir='ltr'><strong>pendulus</strong></span> <span class='ocrx_word' id='word_1_117' title='bbox 1183 3390 1299 3451; x_wconf 87' lang='lat' dir='ltr'><strong>horae.</strong></span> 
     </span>
    </p>

    <p class='ocr_par' dir='ltr' id='par_1_8' title="bbox 420 3503 1333 3587">
     <span class='ocr_line' id='line_1_23' title="bbox 420 3503 1333 3587; baseline -0.001 -21"><span class='ocrx_word' id='word_1_118' title='bbox 420 3504 489 3566; x_wconf 88' lang='lat' dir='ltr'><strong>Sed</strong></span> <span class='ocrx_word' id='word_1_119' title='bbox 502 3506 587 3566; x_wconf 89' lang='lat' dir='ltr'><strong>satis</strong></span> <span class='ocrx_word' id='word_1_120' title='bbox 602 3513 655 3568; x_wconf 87' lang='lat' dir='ltr'><strong>est</strong></span> <span class='ocrx_word' id='word_1_121' title='bbox 669 3524 768 3567; x_wconf 90' lang='lat' dir='ltr'><strong>orare</strong></span> <span class='ocrx_word' id='word_1_122' title='bbox 783 3507 906 3587; x_wconf 92' lang='lat' dir='ltr'><strong>Jovem</strong></span> <span class='ocrx_word' id='word_1_123' title='bbox 921 3524 1010 3585; x_wconf 88' lang='lat' dir='ltr'><strong>quae</strong></span> <span class='ocrx_word' id='word_1_124' title='bbox 1025 3505 1132 3566; x_wconf 87' lang='lat' dir='ltr'><strong>donat</strong></span> <span class='ocrx_word' id='word_1_125' title='bbox 1146 3513 1183 3566; x_wconf 88' lang='lat' dir='ltr'><strong>et</strong></span> <span class='ocrx_word' id='word_1_126' title='bbox 1196 3503 1311 3565; x_wconf 83' lang='lat' dir='ltr'><strong>aufert</strong></span> <span class='ocrx_word' id='word_1_127' title='bbox 1326 3527 1333 3565; x_wconf 77' lang='lat' dir='ltr'><em>z</em></span> 
     </span>
    </p>

    <p class='ocr_par' dir='ltr' id='par_1_9' title="bbox 419 3618 1445 3701">
     <span class='ocr_line' id='line_1_24' title="bbox 419 3618 1445 3701; baseline -0.002 -20"><span class='ocrx_word' id='word_1_128' title='bbox 419 3621 488 3682; x_wconf 91' lang='lat' dir='ltr'><strong>Det</strong></span> <span class='ocrx_word' id='word_1_129' title='bbox 501 3619 619 3698; x_wconf 87' lang='lat' dir='ltr'><strong>vitam,</strong></span> <span class='ocrx_word' id='word_1_130' title='bbox 635 3619 694 3682; x_wconf 89' lang='lat' dir='ltr'><strong>det</strong></span> <span class='ocrx_word' id='word_1_131' title='bbox 709 3639 802 3701; x_wconf 80' lang='lat' dir='ltr'><strong>opeS,</strong></span> <span class='ocrx_word' id='word_1_132' title='bbox 820 3638 969 3701; x_wconf 89' lang='lat' dir='ltr'><strong>aequum</strong></span> <span class='ocrx_word' id='word_1_133' title='bbox 984 3619 1033 3680; x_wconf 90' lang='lat' dir='ltr'><strong>mi</strong></span> <span class='ocrx_word' id='word_1_134' title='bbox 1047 3619 1202 3680; x_wconf 88' lang='lat' dir='ltr'><strong>animum</strong></span> <span class='ocrx_word' id='word_1_135' title='bbox 1216 3619 1290 3699; x_wconf 89' lang='lat' dir='ltr'><strong>ipse</strong></span> <span class='ocrx_word' id='word_1_136' title='bbox 1305 3618 1445 3697; x_wconf 83' lang='lat' dir='ltr'><strong>parabo</strong></span> 
     </span>
    </p>
   </div>
   <div class='ocr_carea' id='block_1_5' title="bbox 0 0 1760 5750">
    <p class='ocr_par' dir='ltr' id='par_1_10' title="bbox 0 0 1760 5750">
     <span class='ocr_line' id='line_1_25' title="bbox 0 0 1760 5750; baseline 0 3"><span class='ocrx_word' id='word_1_137' title='bbox 0 0 1760 5750; x_wconf 95' lang='lat' dir='ltr'><strong> </strong></span> 
     </span>
    </p>
   </div>
  </div>
 </body>
</html>
