3509 5750
919 678 956 733 22

423 849 570 929 Optaret
584 848 649 910 sibi
664 849 822 928 quisque,
838 850 927 909 meis
943 854 1131 910 contentus
1152 849 1317 910 honestos

425 964 591 1024 Fascibus
602 971 637 1024 et
648 964 742 1023 sellis
756 964 888 1024 nollem
898 963 985 1022 mibi
999 981 1146 1038 sumere,
1162 963 1306 1024 demens

426 1077 563 1159 Judicio
577 1078 684 1157 vulgi,
699 1096 804 1138 sanus
819 1077 970 1137 fortasse
984 1085 1056 1154 tub,
1067 1077 1159 1157 quod

429 1191 567 1252 Nollem
583 1209 669 1252 onus
683 1191 776 1251 haud
791 1209 944 1270 unquam
959 1191 1083 1252 solitus
1094 1199 1231 1270 portare
1243 1193 1439 1252 molestum.

429 1306 520 1367 Nam
534 1306 620 1366 mihi
635 1306 801 1367 continuo
814 1307 926 1384 maj0r
940 1305 1138 1384 quaerenda
1153 1305 1245 1367 foret
1256 1324 1321 1381 res

426 1422 543 1500 Atque
558 1418 732 1481 salutandi
746 1419 872 1498 pluras,
889 1419 1066 1480 ducendus
1081 1427 1117 1480 et
1131 1438 1222 1480 unus

429 1536 475 1595 Et
484 1552 599 1595 comes
608 1535 698 1595 alter
710 1534 764 1599 uti
778 1553 822 1595 ne
836 1534 930 1594 solus
941 1551 1046 1595 rusve
1059 1551 1252 1614 peregreve

428 1649 590 1723 Exirem;
611 1648 729 1727 plures
743 1649 882 1709 calones
897 1655 1002 1726 atque
1013 1647 1139 1707 caballi

429 1762 607 1838 Pascendi‚
623 1762 780 1823 ducenda
788 1762 966 1841 petorrita.
1010 1761 1113 1822 Nunc
1126 1762 1214 1822 mihi
1228 1770 1327 1823 curto

429 1877 485 1937 lre
499 1877 582 1936 licet
595 1876 690 1935 mulo
703 1877 759 1937 vel
770 1877 799 1936 si
812 1876 901 1936 libet
914 1894 1024 1955 usque
1038 1876 1241 1951 Tarentum,

430 1990 583 2051 Mantica
596 1989 652 2049 cui
667 1990 803 2050 lumbos
817 2007 923 2049 onere
937 1989 1070 2049 ulceret
1085 1996 1191 2067 atque
1201 2007 1308 2068 eques
1323 2008 1438 2051 armos
1453 2015 1460 2053 :

430 2104 583 2183 Objiciet
603 2121 706 2164 nemo
719 2102 838 2163 sordes
852 2102 939 2164 mihi
949 2121 1034 2182 quas
1048 2104 1124 2179 tibi,
1137 2103 1230 2180 Tilli,

430 2220 517 2283 Cum
533 2218 679 2279 Tiburte
689 2218 746 2279 via
759 2225 955 2296 praetorem
970 2218 1124 2298 quinque
1138 2225 1334 2297 sequuntur

430 2335 481 2396 Te
497 2332 595 2412 pueri
609 2332 768 2392 lasanum
776 2339 956 2410 portantes
971 2332 1286 2412 oenophorumque.

432 2448 508 2508 Hoc
522 2464 589 2524 ego
602 2444 814 2506 commodius
829 2463 933 2524 quam
948 2453 994 2521 tu,
1007 2446 1183 2523 praeclare
1199 2454 1348 2523 senator,

433 2560 589 2621 Millibus
602 2566 706 2638 atque
722 2557 797 2618 aliis
812 2557 901 2619 vivo.
945 2558 1160 2639 Quacunque
1175 2559 1284 2620 libido
1298 2567 1361 2637 est,
1404 2587 1410 2599 ·

432 2672 560 2734 Incedo
574 2673 686 2746 solus;
708 2678 894 2750 percontor
904 2673 1027 2751 quanti
1042 2673 1117 2733 olus
1132 2691 1172 2733 ac
1182 2673 1259 2748 far3

432 2787 604 2848 Fallacem
619 2783 757 2847 Circum
773 2785 1081 2865 vespertinumque
1095 2804 1236 2864 pererro

432 2901 544 2979 Saepe
560 2900 706 2973 Forum;
728 2899 859 2961 adsisto
869 2899 999 2960 divinis
1013 2923 1021 2973 ;
1042 2899 1123 2960 inde
1139 2900 1280 2961 domum
1291 2918 1348 2961 me

431 3015 488 3078 Ad
507 3014 602 3093 pom'
616 3021 652 3074 et
665 3013 788 3075 ciceris
802 3013 918 3074 refero
929 3013 1114 3093 laganique
1128 3015 1283 3075 catinum
1299 3039 1308 3089 ;

433 3130 549 3192 Coena
558 3127 775 3188 ministratur
782 3127 899 3206 pueris
914 3127 1034 3203 tribus,
1050 3134 1085 3188 et
1098 3128 1188 3207 lapis
1202 3129 1302 3189 albus

433 3242 560 3305 Pocula
574 3259 653 3301 cum
667 3241 794 3319 cyatho
805 3241 873 3301 duo
882 3240 1031 3302 sustinet
1044 3265 1052 3315 3
1074 3241 1189 3302 adstat
1206 3241 1349 3302 echinus
1446 3324 1450 3331 Ι

431 3357 529 3435 Vilis,
545 3373 623 3416 cum
644 3361 765 3433 patera
778 3362 910 3434 guttus,
923 3355 1101 3433 Campana
1115 3356 1281 3434 supellex
