3509 5750
908 656 946 711 32

415 830 510 890 Dura
523 827 585 890 sed
599 846 761 911 emovere
772 827 848 888 loco
861 846 919 888 me
933 833 1092 907 tempora
1102 834 1212 906 grat0,

413 942 602 1023 Civilisque
618 941 741 1003 rudem
754 941 839 1002 belli
853 941 935 1003 tulit
949 948 1065 1004 aestus
1079 941 1115 1003 in
1131 959 1228 1003 arma

412 1057 568 1120 Caesaris
582 1057 734 1137 Augusti
745 1075 815 1117 non
830 1073 1041 1136 responsura
1055 1056 1204 1119 lacertis.

412 1171 515 1234 Unde
530 1171 633 1233 simul
647 1171 799 1250 primum
814 1189 869 1231 me
884 1170 1048 1232 dimisere
1065 1170 1225 1250 Philippi,

412 1286 544 1347 Decisis
557 1285 726 1346 humilem
740 1286 863 1364 pennis
877 1285 1090 1365 inopemque
1106 1285 1243 1363 paterni

413 1402 458 1462 Et
471 1401 554 1461 laris
569 1408 605 1461 et
619 1399 729 1478 fundi,
744 1406 934 1479 paupertas
946 1399 1085 1478 impulit
1102 1398 1225 1477 audax,

410 1516 460 1577 Ut
474 1532 595 1577 versus
609 1515 774 1577 facerem:
797 1513 858 1575 sed
874 1513 966 1594 quod
981 1532 1052 1575 non
1068 1513 1160 1575 desit
1176 1513 1366 1575 habentem

411 1631 508 1709 Quae
524 1636 688 1709 poterunt
703 1646 857 1708 unquam
874 1628 958 1690 satis
972 1646 1168 1709 expurgare
1183 1628 1325 1705 cicutae,

411 1744 458 1805 Ni
472 1743 596 1805 melius
611 1732 763 1805 dormire
778 1723 899 1822 putem
915 1762 1019 1823 quam
1035 1742 1187 1804 scribere
1202 1748 1348 1806 versus?

411 1858 558 1938 Singula
573 1857 615 1919 de
631 1857 731 1918 nobis
745 1857 827 1918 anni
842 1858 1056 1936 praedantur
1071 1864 1205 1932 euntes;
1317 1857 1320 1864 ’

413 1973 580 2052 Eripuere
595 1972 700 2050 jocos,
715 1990 890 2047 venerem,
906 1972 1075 2049 convivia,
1091 1971 1226 2047 ludum;

332 2111 335 2118 ·
411 2086 575 2148 Tendunt
589 2093 797 2166 extorquere
813 2092 986 2165 poemata3
1008 2085 1092 2167 quid
1108 2086 1236 2147 faciam
1251 2086 1328 2148 vis?

486 2231 1346 2285 *nunnus

411 2348 553 2408 Praeter
568 2353 705 2408 caetera
719 2366 775 2408 me
791 2348 969 2409 Romaene
983 2354 1143 2427 poemata
1157 2365 1276 2408 censes

331 2478 332 2483 ¹
412 2460 569 2522 Scribere
583 2478 686 2539 posse
701 2462 793 2523 inter
808 2469 860 2524 tot
871 2481 971 2524 curas
987 2469 1110 2543 totque
1126 2461 1288 2523 labores?

412 2575 480 2635 Hic
496 2593 660 2653 sponsum
675 2582 784 2654 vocat,
800 2576 856 2637 hic
871 2575 1027 2637 auditum
1042 2576 1172 2655 scripta
1185 2574 1317 2637 relictis

412 2688 581 2750 Omnibus
597 2688 729 2762 officiis;
752 2690 856 2752 cubat
867 2690 925 2751 hic
935 2690 970 2750 in
987 2690 1074 2751 colle
1090 2689 1237 2769 Quirini,

412 2804 479 2863 Hic
494 2810 649 2865 extremo
664 2803 700 2863 in
716 2804 903 2882 Aventino,
919 2803 1087 2866 visendus
1102 2811 1263 2884 uterque;

411 2918 601 2980 Intervalla
615 2918 713 2980 vides
727 2920 880 2980 humane
896 2919 1086 2981 commoda.
1130 2920 1264 2980 Verum

411 3033 521 3093 Purae
536 3040 617 3093 sunt
632 3033 778 3111 plateae,
794 3034 883 3094 nihil
898 3040 937 3095 ut
953 3034 1204 3096 meditantibus
1219 3035 1344 3095 obstet.

412 3146 567 3207 Festinat
582 3146 714 3210 calidus
729 3148 833 3209 mulis
849 3149 1050 3229 gerulisque
1064 3150 1273 3228 redemptor,

411 3260 566 3339 Torquet
579 3279 671 3321 nunc
684 3260 846 3341 lapidem,
859 3280 952 3324 nunc
965 3262 1089 3342 ingens
1103 3262 1265 3323 machina
1279 3263 1426 3342 tignum,

410 3373 539 3436 Tristia
552 3375 704 3437 robustis
719 3376 898 3438 luctantur
913 3377 1039 3438 funera
1053 3376 1225 3456 plaustris

413 3488 489 3549 Hac
502 3488 640 3550 rabiosa
652 3489 744 3569 fugit
759 3491 866 3568 canis,
882 3491 947 3552 hac
961 3491 1136 3553 lutulenta
1148 3491 1221 3552 ruit
1235 3508 1306 3553 sus:
