3509 5750
913 707 950 766 68

763 878 891 950 CARM.
918 900 947 947 2.
993 881 1096 949 XIV.

539 1051 640 1111 Eunu
656 1050 809 1130 fugaces,
827 1052 1000 1131 Postume,
1018 1054 1192 1133 Postume,

539 1163 723 1226 Labuntur
736 1168 829 1244 anni,
845 1186 909 1228 nec
924 1168 1037 1247 pietas
1052 1187 1187 1231 moram

576 1278 687 1358 Rugis
701 1287 736 1340 et
751 1279 895 1342 instanti
911 1288 1071 1343 senectae

615 1392 752 1455 Afferet
767 1393 1033 1475 indomitaeque
1047 1397 1208 1471 morti,—

536 1505 625 1583 Non,
641 1507 670 1567 si
685 1509 846 1585 trecenis,
863 1516 1034 1589 quotquot
1049 1518 1132 1573 eunt
1148 1510 1230 1589 dies,

534 1620 666 1699 Amice,
680 1622 795 1700 places
810 1622 1089 1685 illacrimabilem

567 1736 721 1797 *Plutona
733 1737 852 1814 tauris,
869 1738 929 1817 qui
945 1744 1000 1799 ter
1016 1741 1174 1820 amplum

612 1850 797 1931 Geryonen
813 1852 1017 1933 Tityonque
1031 1854 1126 1915 tristi

540 1967 736 2046 Compescit
750 1967 853 2045 unda,
870 1967 1001 2029 scilicet
1016 1969 1178 2031 omnibus

534 2082 740 2161 Quicunque
754 2088 870 2144 terrae
884 2100 1030 2144 munere
1045 2084 1219 2145 vescimur

575 2172 816 2277 Enaviganda,
832 2198 908 2259 sive
923 2215 1027 2277 reges

613 2310 694 2374 Sive
707 2311 829 2390 inopes
843 2311 975 2372 erimus
990 2311 1113 2374 coloni.

534 2426 677 2487 Frustra
691 2433 837 2487 cruento
853 2426 969 2487 Marte
990 2425 1189 2488 carebimus

533 2539 735 2620 Fractisque
751 2540 846 2601 rauci
861 2540 1025 2601 fluctibus
1042 2541 1206 2619 Hadriae,

573 2656 717 2717 Frustra
730 2673 793 2734 per
808 2663 1014 2717 auctumnos
1028 2663 1213 2718 nocentem

611 2770 821 2848 Corporibus
835 2776 1034 2832 metuemus
1049 2771 1233 2835 Austrum:

530 2883 706 2946 Visendus
721 2892 797 2946 ater
811 2885 955 2946 flumine
970 2885 1137 2965 languido

413 2997 416 3005 '
530 2997 676 3077 Cocytos
690 3017 810 3060 errans
824 3006 860 3060 et
877 2999 990 3060 Danai
1010 3018 1124 3080 genus

569 3113 704 3174 Infame
718 3113 971 3194 damnatusque
982 3114 1080 3194 longi

609 3226 777 3307 Sisyphus
788 3227 956 3289 Aeolides
970 3227 1110 3291 laboris.

471 3320 475 3326 ’
530 3340 739 3420 Linquenda
752 3341 858 3402 tellus
872 3349 910 3403 et
926 3342 1049 3405 domus
1072 3350 1108 3405 et
1122 3344 1267 3423 placens

529 3455 635 3533 Uxor,
651 3473 765 3535 neque
779 3454 907 3516 harum
922 3475 1010 3537 quas
1025 3457 1112 3519 colis
1127 3458 1293 3519 arborum

569 3567 775 3650 Te'praeter
788 3571 921 3633 invisas
937 3589 1120 3650 cupressos

619 3684 697 3746 Ulla
710 3684 855 3746 brevem
871 3685 1051 3746 dominum
1067 3692 1245 3766 sequetur.

529 3799 702 3862 Absumet
716 3800 818 3861 heres
833 3799 995 3863 Caecuba
1009 3800 1149 3882 dignior

531 3914 675 3977 Servata
689 3921 829 3976 centurn
844 3913 1009 3993 clavibus,
1026 3921 1062 3976 et
1075 3933 1172 3976 mero

567 4027 698 4107 Tinget
712 4028 956 4108 pavimentum
971 4029 1123 4108 superbo

611 4142 820 4204 Pontificum
834 4143 969 4222 potiore
984 4144 1110 4206 coenis.
