3509 5750
297 1083 333 1139 82

921 657 957 712 92

780 827 904 892 EPIST.
932 848 957 892 1.
1006 828 1092 898 VII.

500 977 519 1011 ’k
640 979 659 1012 'k
782 980 800 1013 ’le
924 979 943 1013 k
1065 979 1083 1013 *lt
1206 980 1224 1014 *lt
1347 982 1366 1015 'k

425 1073 446 1154 ῗ
529 1074 547 1108 *
631 1078 648 1115 *
732 1077 785 1137 Ne
801 1084 836 1138 te
850 1077 966 1158 longis
989 1078 1198 1159 ambagibus
1213 1078 1306 1140 ultra

424 1192 537 1270 Quam
553 1193 635 1255 satis
650 1200 702 1254 est
716 1210 842 1268 morer,
859 1211 904 1253 ex
918 1192 1030 1253 nitido
1044 1191 1083 1254 fit
1105 1194 1256 1255 rusticus
1273 1200 1378 1273 atque

424 1304 545 1367 Sulcos
559 1314 594 1367 et
608 1308 728 1369 vineta
743 1315 862 1386 crepat
879 1326 987 1382 mera;
1009 1314 1197 1387 praeparat
1211 1308 1335 1381 ulmos

425 1420 627 1482 Immoritur
643 1421 765 1483 studiis
780 1429 815 1484 et
836 1440 954 1483 amore
971 1422 1121 1483 senescit
1136 1421 1297 1483 habendi.

423 1534 556 1595 Verum
572 1535 633 1596 ubi
647 1554 730 1597 oves
745 1536 851 1612 fuste,
868 1536 991 1597 morbo
1006 1536 1141 1615 periere
1157 1536 1321 1616 capellae,

425 1647 530 1727 Spem
544 1650 694 1712 mentita
708 1667 820 1730 seges,
834 1651 898 1712 bos
912 1657 967 1712 est
981 1659 1125 1711 enectus
1139 1650 1279 1727 arand0,

423 1762 587 1824 Offensus
602 1763 739 1825 damnis
754 1764 868 1825 media
882 1764 925 1825 de
941 1771 1043 1825 nocte
1057 1765 1231 1826 caballum

423 1876 558 1956 Arripit
573 1878 753 1958 iratusque
771 1878 924 1958 Philippi
941 1877 1055 1940 tendit
1070 1878 1112 1939 ad
1127 1878 1240 1940 aedes,

500 2040 519 2074 k
641 2042 659 2075 ’le
781 2042 800 2075 'k
922 2041 941 2075 ’k
1063 2041 1082 2075 k
1204 2042 1223 2076 ss·
1345 2040 1363 2074 'k

425 2154 444 2188 ⁴*
525 2154 543 2188 *
626 2158 644 2199 *
727 2157 820 2217 “Pol
835 2175 891 2217 me
907 2156 1085 2234 miserum,
1100 2164 1255 2235 patrone,
1271 2173 1423 2231 vocares,

425 2270 461 2331 Si
475 2272 584 2333 velles
594 2274 612 2297 ''
628 2271 751 2351 inquit,
769 2276 922 2334 “verum
944 2270 1031 2331 mihi
1049 2290 1177 2350 ponere
1192 2277 1331 2333 nomen!

424 2384 526 2463 Quod
540 2393 575 2447 te
590 2405 654 2465 per
669 2386 818 2448 Genium
834 2388 1063 2463 dextramque
1079 2385 1231 2466 deosque
1249 2387 1395 2448 Penates

424 2499 578 2562 Obsecro
593 2508 628 2562 et
643 2501 808 2578 obtestor,
824 2501 917 2563 vitae
933 2520 989 2563 me
1003 2501 1111 2563 redde
1125 2500 1266 2581 priori‚”

499 2663 518 2697 k
640 2664 658 2698 'k
780 2665 799 2699 ’k
923 2666 941 2699 ’le
1062 2665 1081 2699 *Ut
1203 2664 1222 2698 k
1344 2665 1362 2698 ’le
