3509 5750
800 1092 886 1160 SAT.
913 1113 939 1159 1.
986 1093 1031 1158 V.

405 1266 589 1326 Ecunssuu
599 1284 728 1345 magna
741 1283 798 1327 me
813 1265 953 1344 excepit
968 1264 1089 1326 Aricia
1101 1266 1215 1326 Roma

406 1379 569 1458 Hospitio
579 1380 735 1449 modico:
757 1380 877 1442 rhetor
886 1398 1003 1441 comes
1027 1379 1247 1441 Heliodorus.

405 1494 616 1555 Graecorum
631 1495 734 1574 longe
749 1494 971 1555 doctissimus
985 1518 993 1570 ;
1015 1493 1095 1555 inde
1112 1494 1240 1554 Forum
1256 1495 1358 1574 Appi,

407 1608 594 1670 Differtum
603 1609 718 1670 nautis
731 1610 945 1687 cauponibus
962 1617 1067 1688 atque
1089 1608 1263 1688 malignis,

408 1723 483 1783 Hoc
504 1723 570 1784 iter
584 1723 703 1801 ignavi
718 1722 911 1795 divisimus,
922 1723 1025 1784 altius
1039 1741 1079 1783 ac
1094 1740 1157 1783 nos

407 1837 617 1899 Praecinctis
631 1856 740 1898 unum
755 1861 763 1913 3
787 1838 901 1900 minus
912 1844 966 1898 est
979 1837 1098 1916 gravis
1110 1836 1227 1915 Appia
1241 1837 1358 1898 tardis.

409 1950 475 2011 Hic
490 1959 706 2030 egopropter
720 1970 855 2031 aquam,
868 1951 960 2030 quod
972 1958 1047 2011 erat
1062 1950 1260 2025 deterrima,
1276 1952 1393 2011 ventri

409 2065 526 2126 Indico
538 2067 677 2141 bellum,
691 2073 879 2126 coenantes
892 2065 988 2125 haud
1005 2065 1121 2125 animo
1136 2083 1247 2143 aequo

410 2180 624 2259 Exspectans
634 2180 786 2241 comites.
829 2180 908 2260 Jam
923 2198 993 2240 nox
1008 2179 1173 2239 inducere
1188 2178 1291 2239 terris

410 2294 560 2355 Umbras
574 2303 610 2356 et
624 2294 720 2355 caelo
730 2293 927 2355 diffundere
943 2295 1046 2372 signa
1060 2293 1225 2372 parabat;

410 2410 500 2469 Tum
511 2410 609 2489 pueri
621 2410 745 2486 nautis,
760 2409 879 2489 pueris
891 2410 1048 2472 convicia
1058 2416 1186 2470 nautae

404 2527 595 2602 ingerere„
629 2525 739 2584 “Huc
755 2524 890 2602 appelle
907 2527 935 2586 !”
979 2526 1199 2585 “Trecentos
1213 2524 1357 2585 inseris:
1380 2524 1451 2585 ohe

411 2638 490 2718 Jam
505 2639 588 2699 satis
603 2643 673 2700 est!
687 2641 704 2663 ''
749 2640 840 2700 Dum
857 2659 916 2700 aes
930 2640 1096 2718 exigitur,
1112 2640 1195 2699 dum
1211 2640 1305 2698 mula
1318 2637 1465 2717 ligatur,

411 2753 500 2812 Tota
514 2752 586 2812 abit
599 2753 693 2813 hora.
738 2752 822 2813 Mali
834 2754 963 2814 culices
978 2772 1155 2833 ranaeque
1166 2754 1339 2832 palustres

411 2866 589 2928 Avertunt
604 2886 751 2946 somnos
767 2867 947 2930 absentem
958 2876 998 2930 ut
1009 2876 1128 2930 cantat
1137 2868 1283 2929 amicam

412 2982 523 3042 Multa
542 2982 699 3060 prolutus
709 3002 820 3061 vappa
834 2990 942 3043 nauta
957 2990 1060 3062 atque
1074 2982 1189 3044 viator

414 3096 589 3160 Certatim.
632 3098 790 3161 Tandem
806 3099 921 3160 fessus
932 3098 1084 3159 dormire
1097 3099 1208 3160 viator
