3509 5750
865 710 902 767 38

222 894 280 934 210
371 884 516 946 Natales
531 890 631 964 grate
647 889 833 947 numeras?
875 884 1033 964 Ignoscis
1047 884 1187 947 amicis?

370 997 499 1060 Lenior
512 1004 549 1060 et
562 998 688 1060 melior
702 998 743 1059 fis
757 998 944 1060 accedente
961 1004 1127 1062 senecta?

370 1111 462 1192 Quid
473 1119 508 1175 te
523 1119 686 1192 exempta
699 1112 793 1174 levat
807 1112 917 1193 spinis
928 1112 972 1173 de
986 1113 1146 1192 pluribus
1156 1119 1252 1176 una?

369 1226 497 1288 Vivere
512 1226 541 1288 si
555 1233 649 1288 recte
664 1226 775 1289 nescis
789 1226 919 1288 decede
933 1226 1065 1305 peritis.

372 1341 500 1403 Lusisti
514 1341 608 1418 satis,
624 1342 726 1403 edisti
742 1342 826 1404 satis
841 1348 946 1421 atque
960 1342 1093 1405 bibisti:

371 1455 525 1535 Tempus
539 1455 635 1516 abire
646 1455 711 1517 tibi
726 1462 788 1532 est,
803 1474 848 1516 ne
862 1461 984 1534 potum
999 1454 1131 1535 largius
1146 1475 1258 1536 aequo

371 1569 497 1631 Rideat
512 1576 547 1631 et
560 1569 675 1648 pulset
689 1569 821 1631 lasciva
832 1568 1014 1630 decentius
1029 1571 1155 1631 aetas.”

721 1953 844 2021 CARM.
868 1972 899 2023 2.
948 1952 1035 2021 VII.

493 2126 523 2187 O
538 2145 640 2187 saecu
655 2143 791 2186 mecum
806 2130 945 2203 tempus
959 2123 996 2183 in
1011 2122 1174 2183 ultimum

495 2240 661 2315 Deducte,
677 2240 784 2299 Bruto
797 2237 943 2299 militiae
958 2236 1056 2313 duce,

535 2354 620 2434 Quis
632 2361 667 2415 te
682 2353 863 2414 redonavit
878 2351 1049 2430 Quiritem

575 2468 637 2528 Dis
651 2467 773 2547 patriis
795 2466 952 2544 Italoque
967 2464 1072 2541 caelo,

495 2583 636 2662 Pompei
649 2599 805 2643 meorum
821 2580 933 2660 prime
948 2579 1127 2657 sodalium,

494 2698 582 2761 Cum
597 2715 665 2776 quo
678 2701 872 2758 morantem
889 2712 992 2774 saepe
1008 2692 1101 2754 diem
1116 2711 1214 2754 mero

535 2811 639 2891 Fregi
653 2816 836 2871 coronatus
851 2809 1004 2870 nitentes

576 2925 794 2988 Malobathro
810 2924 911 3004 Syrio
922 2922 1089 3003 capillos?

494 3042 626 3102 Tecum
642 3039 819 3119 Philippos
831 3044 866 3100 et
882 3038 1030 3100 celerem
1045 3036 1167 3116 fugam

496 3154 597 3217 Sensi
611 3152 731 3214 relicta
744 3171 815 3213 non
829 3153 919 3214 bene
942 3150 1109 3230 parmula,

536 3267 623 3330 Cum
634 3266 746 3328 fracta
759 3265 872 3328 virtus
887 3271 922 3326 et
936 3264 1090 3325 minaces

576 3381 693 3459 Turpe
702 3379 813 3441 solum
827 3379 976 3459 tetigere
991 3382 1122 3442 mento.

498 3494 566 3557 Sed
580 3512 636 3555 me
652 3512 715 3573 per
727 3493 845 3555 hostes
860 3490 1054 3553 Mercurius
1069 3489 1162 3551 celer

497 3611 614 3670 Denso
622 3613 809 3688 paventem
825 3605 969 3669 sustulit
983 3611 1061 3668 aere
1075 3627 1083 3680 ;

538 3724 589 3784 Te
604 3739 726 3783 rursus
739 3722 778 3782 in
799 3721 931 3782 bellum
945 3719 1131 3781 resorbens
1236 3775 1238 3777 ,

580 3836 683 3900 Unda
694 3835 796 3898 fretis
809 3835 891 3897 tulit
905 3833 1085 3896 aestuosis,

502 3953 597 4032 Ergo
611 3950 800 4031 obligatam
815 3949 923 4011 redde
933 3947 1012 4030 Jovi
1026 3947 1152 4027 dapem
