3509 5750
908 701 945 759 54

731 874 855 945 CARM.
880 894 906 944 1.
957 874 1120 945 XXVII.

534 1012 646 1073 Nnr1s
659 1012 696 1072 in
709 1022 813 1073 usu'm
826 1011 981 1074 laetitiae
996 1012 1136 1092 scyphis

534 1125 693 1206 Pugnare
709 1125 886 1188 Thracum
900 1134 955 1189 est
969 1151 976 1189 :
998 1127 1112 1188 tollite
1126 1126 1315 1189 barbarum

574 1240 717 1318 Morem,
733 1241 1038 1321 verecundumque
1054 1241 1227 1303 Bacchum

614 1355 822 1435 Sanguineis
836 1356 1010 1436 prohibite
1024 1355 1110 1417 rixis
1125 1360 1132 1417 !

531 1468 624 1530 Vino
638 1475 674 1530 et
687 1469 838 1531 lucernis
854 1469 979 1531 Medus
993 1470 1149 1531 acinaces

532 1583 689 1645 Immane
704 1590 875 1663 quantum
890 1582 1085 1662 discrepat:
1107 1583 1253 1663 impium

574 1696 697 1757 Lenite
712 1696 907 1775 clamorem,
919 1696 1064 1773 sodales,

613 1812 659 1871 Et
672 1811 791 1873 cubito
804 1819 985 1873 remanete
996 1829 1115 1891 presso
1129 1816 1136 1874 ἔ
1226 1795 1229 1802 ’

530 1924 647 1986 Vultis
666 1925 779 1986 severi
793 1945 849 1987 me
865 1944 1003 2006 quoque
1019 1944 1155 1987 sumere

533 2041 671 2102 Partem
687 2040 851 2103 Falerni?
893 2042 994 2102 Dicat
1009 2042 1184 2120 Opuntiae

573 2155 696 2215 Frater
711 2154 873 2234 Megillae
889 2173 958 2235 quo
971 2154 1096 2216 beatus

611 2267 774 2345 Vulnere,
790 2286 859 2347 qua
871 2274 994 2347 pereat
1008 2269 1144 2348 sagitta.

531 2381 653 2445 Cessat
666 2381 851 2463 voluntas?
895 2382 975 2471 an
990 2382 1058 2443 alia
1071 2382 1189 2443 bibam

533 2495 701 2558 Mercede.
745 2496 841 2573 Quae
857 2502 893 2557 te
905 2514 1041 2577 cunque
1056 2496 1173 2559 domat
1188 2498 1308 2560 Venus

571 2610 651 2670 Non
666 2609 913 2672 erubescendis
927 2611 1045 2672 adurit

612 2723 758 2804 Ignibus
771 2724 993 2804 ingenuoque
1007 2743 1145 2804 semper

530 2838 661 2900 Amore
677 2856 809 2917 peccas.
852 2838 1030 2920 Quidquid
1043 2838 1151 2902 habes
1166 2859 1230 2921 age

533 2954 677 3031 Depone
685 2953 777 3014 tutis
788 2953 1041 3016 auribus-Ah
1055 2955 1169 3033 miser,

572 3067 710 3144 Quanta
724 3067 909 3129 laborabas
923 3067 1108 3148 Charybdi,

612 3173 726 3261 Digne
740 3201 832 3262 puer
845 3183 988 3245 meliore
1004 3183 1163 3246 flamma!

531 3295 627 3374 Quae
641 3313 734 3375 saga,
751 3297 827 3376 quis
842 3304 878 3358 te
893 3297 1028 3359 solvere
1047 3298 1224 3359 Thessalis

531 3409 655 3489 Magus
669 3411 823 3489 venenis,
839 3411 918 3491 quis
931 3411 1061 3496 poterit
1076 3411 1184 3475 deus?

565 3524 639 3584 'Vix
653 3524 825 3605 illigatum
841 3533 876 3587 te
891 3525 1043 3587 triformi

611 3640 763 3720 Pegasus
778 3640 940 3719 expediet
954 3640 1146 3706 Chimaera.

785 4005 910 4076 CARM.
933 4026 960 4075 1.
1010 4007 1075 4077 IX.

528 4160 636 4221 ers
646 4165 687 4221 ut
701 4159 772 4221 alta
786 4165 856 4221 stet
869 4159 950 4223 nive
966 4160 1151 4234 candidum

530 4273 680 4352 Soracte,
695 4293 761 4336 nec
774 4274 847 4354 jam
862 4274 1060 4337 sustineant
1074 4294 1162 4338 onus

567 4388 683 4451 Silvae
697 4388 897 4451 laborantes
910 4390 1062 4470 geluque

609 4502 768 4565 Flumina
781 4502 1003 4566 constiterint
1017 4511 1127 4569 acute.

529 4616 687 4679 Dissolve
700 4616 813 4698 frigus
826 4617 923 4698 ligna
936 4636 1041 4698 super
1055 4618 1131 4681 foco

530 4731 643 4812 Large
652 4749 834 4812 reponens,
849 4739 954 4814 atque
968 4733 1154 4815 benignius
