3509 5750
823 652 876 709 156

346 824 488 887 Postera
502 824 563 886 lux
574 824 685 888 oritur
698 825 810 888 multo
824 825 1023 906 gratissima
1037 850 1045 902 ;
1067 845 1218 908 namque

344 940 476 1003 Plotius
490 946 527 1002 et
541 940 668 1002 Varius
684 940 868 1002 Sinuessae
883 941 1123 1022 virgiliusque

342 1055 548 1132 Occurrunt,
564 1054 701 1117 animae
711 1055 831 1136 quales
852 1074 967 1135 neque
978 1055 1198 1118 candidiores

340 1170 451 1230 Terra
465 1168 546 1229 tulit
566 1187 680 1248 neque
696 1168 773 1248 quis
784 1187 840 1230 me
855 1168 901 1231 sit
910 1168 1104 1231 devinctior
1120 1170 1216 1231 alter.

340 1282 370 1344 Ο
385 1282 444 1361 qui
456 1282 657 1361 complexus
666 1290 701 1344 et
712 1282 840 1362 gaudia
854 1289 985 1362 quanta
999 1282 1163 1346 fuerunt!

340 1397 401 1459 Nil
415 1416 482 1476 ego
497 1397 704 1459 contulerim
717 1397 871 1476 jucundo
886 1415 992 1460 sanus
1006 1397 1129 1459 amico,

341 1512 501 1574 Proxima
522 1511 699 1591 Campano
714 1510 811 1590 ponti
827 1529 916 1590 quae
929 1510 1060 1587 villula,
1076 1518 1209 1572 tectum

341 1627 512 1704 Praebuit,
528 1633 563 1688 et
577 1625 718 1705 parochi
733 1644 822 1705 quae
838 1625 969 1687 debent
983 1625 1080 1705 ligna
1095 1626 1282 1707 salemque.

344 1742 435 1802 Hinc
449 1741 534 1802 muli
550 1741 688 1820 Capuae
696 1741 841 1802 clitellas
857 1749 1013 1821 tempore
1027 1748 1174 1821 ponunt.

339 1858 469 1919 Lusum
485 1856 512 1918 it
525 1857 716 1928 Maecenas,
732 1855 921 1918 dormitum
937 1875 1003 1936 ego
1015 1856 1277 1937 Virgiliusque3

339 1972 498 2051 Namque
513 1970 584 2050 pila
597 1970 700 2049 lippis
715 1970 896 2031 inimicum
911 1978 946 2032 et
962 1970 1082 2033 ludere
1094 1971 1220 2033 crudis.

339 2086 431 2146 Hinc
445 2103 509 2145 nos
523 2083 657 2146 Cocceii
667 2083 789 2163 recipit
803 2084 1007 2163 plenissima
1021 2085 1106 2147 villa

338 2200 434 2279 Quae
446 2216 550 2278 super
564 2205 618 2260 est
630 2196 739 2259 Caudi
750 2216 931 2277 cauponas.
977 2198 1078 2260 Nunc
1093 2198 1180 2259 mihi
1195 2198 1314 2278 paucis

339 2312 511 2375 Sarmenti
528 2330 664 2373 scurrae
679 2329 832 2390 pugnam
848 2312 1022 2391 Messique
1038 2311 1192 2388 Cicirrhi‚

338 2428 448 2503 Musa,
460 2424 566 2488 velim
582 2442 762 2501 memores,
775 2431 811 2486 et
932 2424 951 2458 *
1072 2425 1091 2459 ⁴*
1213 2424 1232 2458 ⁴*

338 2540 531 2603 Contulerit
551 2540 632 2601 lites
793 2538 812 2572 a
935 2538 954 2572 ἃ
1074 2539 1094 2577 e
1213 2539 1232 2573 a

350 2654 369 2688 ’ὲ
490 2653 509 2687 ¹*
630 2652 649 2686 s
770 2652 789 2686 s
912 2652 931 2686 n
1053 2652 1072 2686 n
1194 2652 1213 2686 a
1335 2651 1354 2685 ‚k

336 2736 479 2797 Prorsus
493 2734 645 2813 jucunde
661 2752 806 2795 coenam
822 2732 1049 2813 produximus
1059 2734 1165 2796 illam.

335 2849 526 2912 Tendimus
539 2849 619 2911 hinc
636 2854 731 2910 recta
746 2848 995 2926 Beneventum,
1007 2848 1067 2909 ubi
1082 2847 1222 2911 sedulus
1235 2847 1361 2928 hospes

335 2966 448 3027 Paene
463 2983 598 3026 macros
612 2964 697 3026 arsit
711 2962 794 3024 dum
810 2963 931 3025 turdos
946 2971 1062 3025 versat
1071 2964 1107 3025 in
1118 2963 1193 3043 igni
1208 2987 1216 3038 ;

336 3079 427 3141 Nam
441 3098 530 3158 vaga
544 3097 606 3159 per
617 3084 772 3141 veterem
783 3077 918 3157 dilapso
929 3077 1069 3139 flamma
1077 3078 1229 3140 culinam
1278 3125 1282 3132 .

333 3194 491 3257 Vulcano
505 3211 679 3256 summum
687 3193 901 3272 properabat
915 3192 1071 3254 lambere
1086 3199 1228 3254 tectum.
