3509 5750
909 646 945 705 28

755 818 881 889 clau.
910 841 939 904 3.
982 821 1089 889 VIII.

449 976 599 1036 Maurus
613 975 749 1037 caelebs
763 975 846 1055 quid
862 994 963 1055 agam
980 974 1157 1054 Kalendis,

447 1089 539 1168 Quid
554 1090 663 1152 velint
678 1090 781 1152 flores
795 1097 831 1152 et
846 1107 966 1151 acerra
979 1089 1091 1151 thuris

448 1203 554 1264 Plena
568 1203 714 1279 miraris,
731 1205 933 1284 positusque
948 1205 1051 1266 carbo
1065 1204 1102 1265 in

489 1317 648 1397 Caespite
663 1318 752 1397 vivo,

450 1432 558 1493 Docte
573 1450 750 1494 sermones
766 1432 946 1513 utriusque
959 1433 1126 1513 linguae?

447 1545 621 1606 Voveram
636 1544 753 1606 dulces
768 1546 891 1625 epulas
906 1552 942 1606 et
956 1545 1075 1607 album

448 1659 576 1720 Libero
590 1677 732 1739 caprum
748 1678 857 1740 prope
875 1659 1061 1722 funeratus

488 1772 634 1834 Arboris
648 1773 728 1835 ictu.

450 1886 517 1947 Hic
531 1886 604 1947 dies
619 1905 710 1948 anno
724 1887 895 1948 redeunte
909 1887 1021 1949 festus

449 2000 620 2062 Corticem
636 2001 839 2062 adstrictum
854 2004 931 2082 pice
946 2001 1140 2064 dimovebit

448 2115 646 2195 Amphorae
662 2116 797 2177 fumum
808 2116 928 2178 bibere
944 2117 1125 2179 institutae

489 2229 638 2291 Consule
653 2230 765 2291 Tullo.

450 2343 564 2421 Sume,
581 2343 772 2421 Maecenas,
788 2345 931 2423 cyathos
946 2344 1048 2405 amici

450 2457 597 2536 Sospitis
612 2464 752 2518 centum
766 2465 802 2519 et
816 2458 940 2537 vigiles
953 2459 1113 2520 lucernas

449 2571 568 2633 Perfer
580 2572 619 2631 in
630 2571 757 2646 lucem3
773 2572 892 2651 procul
904 2573 1016 2633 omnis
1031 2580 1105 2634 esto

489 2685 628 2747 Clamor
642 2693 676 2747 et
690 2686 751 2748 ira.

481 2800 501 2834 ’a
621 2800 641 2834 a
762 2799 781 2830 a·
903 2799 923 2830 ι
1043 2800 1063 2832 u
1184 2802 1204 2836 a

751 2987 1084 2998 ---..-.-.

753 3150 879 3218 Canu.
903 3170 933 3221 2.
962 3152 1086 3217 XVII.

571 3320 646 3382 Cun
660 3339 718 3381 me
733 3322 882 3400 querelis
897 3323 1076 3384 exanimas
1090 3322 1182 3384 tuis?

572 3434 645 3496 Nec
660 3435 713 3497 dis
725 3435 874 3497 amicum
891 3443 1023 3498 estnec
1037 3434 1124 3495 mihi
1139 3442 1174 3496 te
1187 3435 1284 3515 prius
1398 3438 1400 3441 ’

609 3549 723 3628 Obire,
741 3550 934 3628 Maecenas,
948 3568 1106 3611 mearum

691 3664 829 3727 Grande
844 3666 949 3726 decus
963 3669 1194 3745 columenque
1208 3682 1333 3726 rerum.

568 3777 625 3839 Ah
640 3785 675 3840 te
689 3798 788 3840 meae
803 3780 831 3839 si
846 3786 984 3859 partem
999 3778 1135 3839 animae
1150 3778 1242 3858 rapit

570 3892 741 3954 Maturior
755 3894 817 3971 vis,
833 3892 916 3973 quid
931 3911 1048 3954 moror
1062 3892 1182 3970 altera,

611 4006 686 4067 Nec
700 4025 800 4069 carus
815 4025 925 4087 aeque
938 4026 1004 4068 nec
1018 4011 1194 4088 superstes

656 4118 819 4201 Integer?
862 4121 926 4182 Ille
942 4121 1015 4183 dies
1029 4128 1213 4202 utramque

571 4235 683 4296 Ducet
696 4235 841 4297 ruinam.
885 4234 966 4296 Non
980 4254 1046 4315 ego
1060 4235 1231 4315 perfidum

572 4348 654 4410 Dixi
668 4356 934 4413 sacramentum:
949 4349 1087 4428 ibimus,
1101 4349 1229 4410 ibimus

611 4464 798 4544 Utcunque
811 4462 1005 4543 praecedes,
1021 4483 1223 4543 supremum

650 4576 801 4657 Carpere
816 4577 883 4639 iter
898 4577 1042 4639 comites
1055 4578 1176 4657 parati.

489 4689 508 4725 ἃ
629 4688 648 4725 st
770 4691 789 4726 'k
910 4691 930 4727 ᾖ
1002 4694 1004 4698 ’
1051 4691 1070 4726 'k
1192 4692 1211 4727 'k

1332 4692 1351 4726 ’k
