3509 5750
927 695 963 749 82

436 865 549 944 Quem
564 872 602 927 tu
616 865 754 951 fastidis
767 865 962 927 habitatum
986 867 1138 947 quinque
1153 869 1240 931 focis
1252 877 1288 931 et

435 980 596 1059 Quinque
610 980 721 1041 bonos
735 980 875 1042 solitum
891 980 1035 1042 Variam
1050 981 1228 1045 dimittere
1241 991 1368 1063 patres,

434 1095 615 1157 Certemus
630 1094 746 1173 spinas
762 1094 924 1155 animone
939 1113 1004 1174 ego
1020 1095 1145 1158 fortius
1159 1116 1204 1157 an
1218 1105 1257 1159 tu

436 1209 576 1271 Evellas
591 1226 685 1288 agm,
702 1215 739 1269 et
748 1207 872 1269 melior
887 1208 933 1269 sit
949 1208 1117 1270 Horatius
1132 1229 1177 1271 an
1192 1229 1256 1273 res.

435 1324 492 1385 Me
507 1323 666 1403 quamvis
681 1321 823 1382 Lamiae
838 1321 952 1401 pietas
966 1329 1002 1383 et
1016 1340 1100 1383 cura
1113 1331 1270 1385 moratur

434 1439 591 1500 Fratrem
605 1435 804 1514 maerentis,
819 1442 920 1516 rapto
935 1435 978 1496 de
994 1436 1102 1498 fratre
1118 1437 1267 1500 dolentis

435 1551 678 1627 Insolabiliter,
690 1557 808 1611 tamen
822 1550 913 1611 istuc
927 1568 1027 1612 mens
1041 1552 1246 1633 animusque

435 1668 516 1727 Fert
532 1673 566 1727 et
581 1672 674 1726 amat
689 1663 812 1743 spatiis
826 1663 1003 1725 obstantia
1016 1683 1178 1745 rumpere
1194 1667 1352 1730 claustra.

435 1782 530 1842 Rure
545 1798 610 1859 ego
624 1778 812 1856 viventem,
827 1785 867 1839 tu
882 1777 969 1839 dicis
982 1779 1020 1840 in
1034 1780 1121 1841 urbe
1137 1782 1299 1845 beatum:

433 1894 497 1957 Cui
512 1894 627 1973 placet
641 1892 784 1954 alterius
798 1910 862 1954 sua
875 1892 1040 1954 nimirum
1057 1901 1111 1955 est
1126 1894 1204 1957 odio
1219 1913 1302 1958 sors.

471 2041 490 2075 ᾗ
612 2040 631 2073 Ut
752 2040 771 2074 {e
894 2040 913 2073 Ἄ·
1035 2040 1054 2073 Ἄ·
1176 2042 1195 2075 Ἄ·
1316 2044 1335 2077 Ἄ·

434 2175 490 2235 Me
501 2179 659 2235 constare
673 2171 760 2233 mihi
774 2172 849 2251 scis,
862 2180 897 2265 et
912 2171 1092 2234 discedere
1107 2174 1242 2235 tristem

433 2286 716 2367 Quandocunque
732 2287 875 2347 trahunt
889 2287 1002 2348 invisa
1015 2288 1161 2367 negotia
1176 2289 1336 2353 Romam.

433 2402 512 2463 Non
528 2400 649 2463 eadem
663 2400 844 2475 miramur;
866 2420 908 2461 eo
923 2400 1139 2463 disconvenit
1153 2402 1245 2465 inter

432 2516 558 2595 Meque
573 2522 609 2576 et
624 2523 671 2577 te:
692 2533 775 2575 nam
791 2533 881 2594 quae
896 2515 1034 2577 deserta
1048 2498 1084 2577 et
1098 2517 1273 2596 inhospita
1283 2525 1379 2580 tesca

432 2630 553 2693 Credis
567 2647 713 2692 amoena
726 2637 826 2691 vocat
841 2649 978 2691 mecum
993 2631 1054 2711 qui
1070 2632 1185 2710 sentit,
1201 2639 1237 2692 et
1251 2632 1325 2693 odit

431 2746 528 2824 Quae
542 2752 582 2806 tu
596 2744 741 2824 pulchra
754 2752 865 2824 putas.
990 2745 1009 2778 ⁴*
1089 2730 1149 2779 ¹*
1272 2746 1291 2779 ⁴*

471 2859 490 2894 ⁴*
611 2858 630 2895 ³*
751 2858 770 2893 ⁴*
893 2859 912 2894 ⁴*
1015 2867 1050 2923 et
1071 2868 1188 2922 tamen
1215 2880 1322 2942 urges

429 2975 645 3058 Jampridem
660 2993 730 3036 non
744 2981 840 3036 tacta
852 2975 1028 3055 ligonibus
1043 2995 1127 3037 arva
1147 2976 1342 3055 bovemque

359 3073 363 3077 ³
430 3090 655 3168 Diannctum
670 3106 773 3151 curas
787 3096 823 3150 et
837 3089 967 3151 strictis
982 3089 1167 3151 frondibus
1181 3092 1312 3170 exples;

430 3204 539 3265 Addit
554 3222 643 3283 opus
657 3204 758 3284 pigro
772 3203 876 3281 rivus,
893 3203 923 3265 si
938 3203 1068 3265 decidit
1081 3204 1202 3283 imber,

427 3318 543 3408 [Multa
556 3318 647 3378 mole
663 3317 840 3379 docendus
855 3318 972 3396 aprico
987 3336 1129 3397 parcere
1143 3325 1251 3397 prato,
