3509 5750
918 668 955 725 80

768 839 891 909 Ensr.
921 859 949 904 1.
995 838 1097 905 XVI.

464 992 518 1054 Nn
532 992 746 1073 perconteris
760 993 893 1055 fundus
907 1011 1015 1071 meus,
1029 992 1159 1073 optime
1168 991 1306 1072 Quinti,

462 1107 559 1169 Arvo
574 1114 693 1187 pascat
707 1108 834 1168 herum
849 1125 893 1168 an
907 1107 1023 1169 baccis
1038 1107 1221 1186 opulentet
1236 1106 1359 1184 olivae,

463 1221 624 1283 Pomisne
636 1228 671 1282 et
682 1222 792 1301 pratis
807 1239 851 1281 an
866 1221 995 1283 amicta
1008 1219 1139 1283 vitibus
1153 1221 1257 1298 ulm0‚

462 1334 641 1397 Scribetur
656 1334 721 1395 tibi
736 1334 854 1396 forma
866 1334 1059 1414 loquaciter
1069 1343 1106 1396 et
1120 1334 1207 1396 situs
1222 1334 1306 1414 agri.

461 1448 626 1512 Continui
640 1456 778 1511 montes
793 1448 829 1509 ni
844 1449 1075 1511 dissocientur
1090 1467 1198 1528 opaca

461 1562 571 1641 Valle,
588 1562 650 1624 sed
664 1569 705 1624 ut
719 1562 864 1624 veniens
879 1561 1042 1624 dextrum
1055 1563 1147 1624 latus
1162 1562 1333 1643 adspiciat
1350 1562 1418 1639 Sol,

462 1677 617 1739 Laevum
633 1676 815 1747 discedens
829 1694 934 1737 curru
949 1677 1108 1757 fugiente
1119 1684 1275 1757 vaporet.

462 1791 685 1871 Temperiem
700 1790 831 1852 laudes.
875 1790 977 1870 Quid,
994 1791 1023 1853 si
1038 1791 1235 1853 rubicunda
1253 1791 1400 1872 benigni

462 1905 575 1968 Corna
589 1924 712 1985 vepres
725 1912 758 1967 et
772 1923 885 1986 pruna
899 1905 1022 1983 ierant,
1038 1905 1067 1967 si
1081 1924 1228 1986 quercus
1242 1913 1278 1968 et
1290 1906 1360 1967 ilex

463 2017 575 2080 Multa
588 2019 692 2099 fruge
706 2037 813 2098 pecus
827 2020 939 2080 multa
955 2020 1135 2081 dominum
1150 2021 1249 2099 juvet
1264 2020 1397 2097 umbra,

462 2133 565 2196 Dicas
579 2133 766 2195 adductum
781 2134 923 2213 propius
937 2134 1102 2197 frondere
1114 2136 1317 2196 Tarentum.

461 2249 554 2309 Fons
565 2249 671 2309 etiam
685 2248 761 2310 rivo
776 2248 859 2310 dare
874 2267 1001 2310 nomen
1017 2249 1174 2327 idoneus,
1190 2256 1229 2311 ut
1243 2268 1308 2311 nec

462 2362 635 2443 Frigidior
649 2363 822 2423 Thracam
840 2380 905 2423 nec
919 2362 1037 2442 purior
1052 2363 1184 2425 ambiat
1206 2363 1357 2441 Hebrus,

463 2476 607 2538 Infirmo
621 2476 728 2557 capiti
743 2476 820 2538 fluit
834 2476 941 2555 utilis,
956 2476 1054 2538 utilis
1067 2477 1155 2539 alv0.

463 2592 540 2652 Hae
555 2591 709 2652 latebrae
725 2591 852 2669 dulces,
864 2591 975 2663 ‚etiam
990 2591 1019 2653 si
1033 2591 1147 2653 credis
1161 2609 1335 2668 amoenae,

462 2705 679 2767 Incolumem
693 2706 757 2766 tibi
774 2723 830 2766 me
844 2712 1025 2785 praestant
1035 2705 1308 2785 ,Septembribus
1322 2705 1424 2767 horis.

495 2870 514 2904 te
636 2870 655 2904 te
777 2870 796 2904 Ut
919 2869 938 2904 te
1061 2870 1080 2904 Ut
1203 2871 1221 2905 a
1344 2870 1363 2904 Ἂ·

769 3135 893 3206 Epist.
924 3155 950 3202 1.
996 3135 1100 3206 XIV.
1138 3078 1140 3080 -

421 3289 567 3350 Vinucs
582 3289 748 3350 silvarum
764 3296 799 3350 et
813 3289 901 3349 mihi
911 3307 969 3350 me
983 3289 1166 3351 reddentis
1181 3289 1297 3368 agelli,
1355 3294 1356 3297 ’
