3509 5750
896 697 934 753 50

790 867 916 936 Canu.
935 889 963 940 1.
1014 868 1057 939 V.

530 1053 617 1134 Quis
629 1055 741 1116 multa
753 1056 895 1135 gracilis
908 1064 945 1118 te
958 1074 1045 1138 puer
1059 1056 1097 1117 in
1111 1074 1190 1117 rosa

531 1169 697 1232 Perfusus
710 1169 851 1250 liquidis
865 1178 969 1251 urget
984 1170 1147 1233 odoribus

570 1284 686 1363 Grato,
703 1284 844 1364 Pyrrha,
861 1286 925 1348 sub
940 1290 1061 1347 antro?

612 1399 676 1462 Cui
690 1399 816 1462 flavam
830 1400 960 1481 religas
976 1418 1110 1461 comam

530 1512 686 1592 Simplex
699 1514 904 1576 munditiis?
947 1516 1027 1576 Heu
1042 1514 1180 1594 quoties
1194 1512 1298 1574 fidem

533 1626 756 1707 Mutatosque
771 1628 855 1690 deos
867 1628 967 1690 flebit
981 1635 1018 1690 et
1032 1647 1155 1708 aspera

571 1741 694 1821 Nigris
709 1760 861 1822 aequora
875 1743 992 1806 ventis

612 1854 826 1918 Emirabitur
839 1856 993 1918 insolens

530 1969 599 2047 Qui
612 1986 706 2031 nunc
719 1976 754 2031 te
768 1970 899 2032 fruitur
913 1970 1076 2033 credulus
1091 1989 1209 2045 aurea3

531 2083 600 2161 Qui
614 2101 753 2163 semper
767 2102 922 2161 vacuam,
938 2102 1076 2165 semper
1091 2084 1276 2145 amabilem

572 2197 697 2277 Sperat
711 2198 851 2259 nescius
865 2216 972 2260 aurae

610 2311 767 2375 Fallacis.
810 2312 930 2374 Miseri
945 2312 1073 2394 quibus

529 2427 706 2488 intentata
719 2427 822 2489 nites!
865 2428 923 2489 Me
937 2427 1056 2489 tabula
1070 2445 1166 2489 sacer

529 2541 657 2604 Votiva
671 2542 784 2621 paries
797 2542 929 2604 indicat
943 2542 1049 2604 uvida

570 2653 795 2734 Suspendisse
808 2656 944 2735 potenti

609 2768 829 2830 Vestimenta
844 2769 952 2829 maris
968 2769 1043 2831 deo.

746 3268 861 3336 CARM
881 3289 908 3340 1.
957 3269 1103 3339 XXIIL

568 3471 679 3536 Vrras
693 3472 862 3535 hinnuleo
876 3492 934 3534 me
948 3473 1082 3552 similis,
1098 3473 1216 3553 Chloe,

570 3587 760 3667 Quaerenti
773 3588 938 3669 pavidam
952 3588 1129 3650 montibus
1140 3589 1227 3651 aviis

610 3702 761 3764 Matrem
774 3720 847 3783 non
861 3702 937 3764 sine
951 3721 1042 3765 vano

649 3817 825 3878 Aurarum
841 3823 876 3878 et
886 3816 997 3879 sibiae
1010 3823 1117 3880 metu.

569 3930 662 3993 Nam
677 3949 738 3994 seu
751 3931 940 3993 mobilibus
954 3932 1047 3994 veris
1060 3932 1233 3994 inhorruit

568 4045 754 4109 Adventus
769 4046 863 4108 foliis
877 4064 939 4108 seu
953 4045 1084 4108 virides
1097 4046 1225 4108 rubum

610 4161 796 4224 Dimovere
809 4160 971 4238 lacertae,

650 4276 697 4337 Et
709 4275 812 4338 corde
826 4282 862 4336 et
875 4274 1025 4355 genibus
1038 4275 1166 4337 tremit.

568 4387 679 4468 Atqui
692 4407 765 4451 non
776 4408 842 4470 ego
855 4394 892 4450 te
905 4387 1009 4468 tigris
1023 4395 1063 4449 ut
1077 4406 1201 4468 aspera

456 4519 462 4530 ’
569 4502 783 4566 Gaetulusve
798 4504 854 4565 leo
868 4502 1033 4582 frangere
1046 4519 1250 4583 persequor:

609 4617 766 4679 Tandem
782 4617 901 4680 desine
915 4624 1066 4678 matrem

649 4731 875 4814 Tempestiva
890 4731 988 4812 sequi
999 4730 1085 4794 viro,
