3509 5750
927 650 964 704 46

303 844 338 904 71
352 825 459 887 Nulla
472 824 619 886 taberna
633 841 730 885 meos
740 823 868 884 habeat
883 840 996 901 neque
1006 821 1077 904 pila
1090 819 1236 898 libellos

352 940 436 1019 Quis
451 956 575 1000 manus
590 937 730 1000 insudet
743 935 841 1016 vulgi
858 935 1160 1015 Hermogenisque
1171 935 1312 1014 Tigelli:

351 1055 426 1117 Nec
439 1053 549 1114 recito
564 1052 726 1132 cuiquam
740 1051 809 1112 nisi
822 1049 950 1127 amicis
965 1049 1071 1129 idque
1087 1056 1236 1125 coactus,

352 1169 433 1229 Non
446 1167 561 1229 ubivis
576 1184 737 1228 coramve
753 1164 975 1245 quibuslibet.
1020 1163 1060 1224 In
1076 1162 1192 1224 medio
1207 1162 1267 1243 qui

304 1299 339 1360 75
352 1283 486 1362 Scripta
497 1284 573 1343 foro
587 1282 735 1343 recitent
749 1287 831 1342 sunt
842 1279 946 1340 multi
961 1279 1088 1359 quique
1103 1279 1277 1341 lavantes:

352 1398 465 1460 Suave
478 1398 573 1458 locus
587 1395 665 1459 voci
678 1407 820 1456 resonat
833 1393 1025 1456 conclusus,
1148 1392 1167 1425 *
1290 1392 1308 1426 ⁴*
1431 1390 1449 1423 ³*

505 1543 524 1578 *le
645 1543 664 1578 te
786 1542 805 1576 Ἰ
928 1541 947 1576 ⁴1
1070 1541 1089 1575 ἱ
1215 1543 1234 1583 qr
1356 1540 1375 1574 ’k

304 1687 339 1743 3,
473 1657 491 1691 a
613 1632 654 1690 *¹
752 1655 771 1690 ⁴*
894 1643 1086 1718 Absentem
1104 1658 1164 1737 qui
1178 1656 1268 1719 rodit
1283 1654 1455 1727 amicum;

352 1773 420 1852 Qui
434 1790 504 1834 non
519 1771 677 1834 defendit
691 1770 759 1832 alio
774 1769 938 1849 culpante
952 1794 960 1845 ;
975 1771 1106 1834 solutos

352 1887 420 1966 Qui
436 1893 551 1966 captat
566 1886 656 1948 risus
670 1885 851 1947 hominum
867 1884 1068 1966 famamque
1084 1887 1210 1949 dicacis
1224 1911 1232 1962 ;

353 2003 501 2081 Fingere
517 2000 576 2080 qui
591 2019 661 2061 non
677 2000 751 2063 visa
765 2005 903 2088 potest;
919 2001 1104 2063 commissa
1117 2009 1233 2063 tacere

305 2115 341 2189 85
353 2116 421 2194 Qui
435 2115 557 2194 nequit
571 2137 579 2189 ;
593 2113 650 2174 hic
661 2113 762 2193 niger
776 2120 838 2190 est,
853 2112 945 2173 hunc
959 2121 1006 2191 tu
1024 2115 1189 2192 Romane,
1205 2121 1335 2210 caveto.

506 2260 525 2294 ἱ
647 2260 666 2294 ⁴}
786 2260 805 2294 ἱ
928 2261 947 2296 ἃ
1068 2261 1088 2296 ἃ
1210 2262 1228 2296 'k
1349 2259 1368 2294 *ie

288 2377 373 2441 100*
414 2376 434 2411 *
475 2375 494 2410 ⁴*
537 2376 605 2437 Hic
619 2375 741 2455 nigrae
756 2394 877 2439 succus
891 2377 1053 2457 loliginis,
1062 2377 1148 2439 haec
1163 2385 1217 2440 est

355 2493 498 2571 Aerugo
511 2509 615 2552 mera.
659 2490 759 2568 Quod
774 2491 898 2552 vitium
911 2491 1033 2570 procul
1048 2491 1144 2553 afore
1160 2493 1288 2554 chartis

354 2604 471 2684 Atque
486 2605 600 2665 animo
614 2604 720 2683 prius,
736 2610 776 2665 ut
791 2604 819 2665 si
834 2604 917 2684 quid
928 2605 1133 2685 promittere
1147 2606 1191 2667 de
1206 2625 1263 2667 me

364 2721 504 2780 Possum
521 2719 615 2780 aliud
627 2736 720 2796 vere,
734 2719 909 2799 promitto.
952 2719 1113 2782 Liberius
1128 2720 1157 2782 si

358 2832 488 2896 Dixero
502 2831 594 2913 quid,
610 2832 639 2894 si
655 2832 744 2894 forte
757 2833 917 2912 iocosius,
932 2834 998 2896 hoc
1011 2834 1097 2896 mihi
1110 2834 1198 2914 juris

290 2964 343 3025 105
356 2948 443 3011 Cum
457 2947 561 3010 venia
573 2946 685 3010 dabis:
699 2947 851 3010 insuevit
864 2955 966 3027 pater
980 2949 1132 3028 optimus
1145 2948 1211 3011 hoc
1224 2967 1290 3021 me,

357 3062 406 3123 Ut
416 3062 576 3142 fugerem
590 3062 758 3141 exemplis
773 3061 937 3124 vitiorum
953 3080 1113 3142 quaeque
1127 3063 1292 3125 notando

356 3175 444 3238 Cum
458 3195 513 3237 me
523 3176 730 3253 hortaretur,
743 3193 856 3255 parce,
872 3175 1068 3254 frugaliter,
1085 3184 1190 3256 atque

355 3289 520 3352 Viverem
534 3290 586 3351 uti
600 3296 784 3351 contentus
799 3308 840 3351 eo
855 3289 949 3370 quod
964 3290 1014 3351 mi
1028 3291 1103 3370 ipse
1117 3297 1286 3370 parasset:

510 3437 529 3471 ἱ
651 3437 670 3471 ⁴}
791 3437 810 3471 ἱ
932 3437 951 3471 ἱ
1073 3437 1092 3472 st
1213 3438 1232 3471 'fr
1355 3437 1373 3471 'k

292 3569 346 3630 115
479 3551 497 3585 ⁴*
620 3551 638 3585 ⁴*
760 3550 779 3585 *
902 3551 1072 3631 “Sapiens
1086 3552 1198 3616 vitatu
1213 3551 1365 3632 quidque
1379 3553 1493 3631 petitu

361 3665 414 3727 Sit
427 3665 553 3727 melius
567 3683 688 3727 causas
701 3665 823 3727 reddet
838 3665 914 3729 tibi:
930 3666 978 3727 mi
992 3666 1078 3729 satis
1092 3673 1144 3729 est
1160 3667 1189 3728 si
