3509 5750
957 691 994 747 34

459 862 475 922 I
489 879 582 924 nunc
597 869 632 923 et
647 880 768 924 versus
781 870 898 924 tecum
913 862 1084 925 meditare
1100 881 1252 925 canoros.

457 976 671 1056 Scriptorum
683 977 807 1039 chorus
822 977 934 1038 omnis
950 985 1043 1039 amat
1057 995 1181 1038 nemus
1198 984 1234 1039 et
1245 976 1337 1057 fugit
1348 975 1481 1055 urbem,

456 1092 539 1153 Rite
553 1091 662 1152 cliens
676 1091 803 1153 Bacchi
820 1110 946 1153 somno
960 1091 1149 1171 gaudentis
1164 1099 1201 1153 et
1216 1091 1354 1153 umbra:

456 1206 512 1268 Tu
525 1225 582 1267 me
596 1206 690 1268 inter
702 1206 868 1286 strepitus
884 1213 1075 1270 nocturnos
1091 1214 1195 1287 atque
1210 1206 1354 1268 diurnos

456 1320 517 1381 Vis
533 1339 658 1382 canere
672 1327 708 1383 et
723 1328 904 1383 contracta
918 1321 1017 1402 sequi
1032 1321 1184 1401 vestigia
1197 1326 1342 1383 vatum?

455 1435 641 1515 Ingenium
657 1435 724 1497 sibi
739 1434 832 1514 quod
846 1453 976 1497 vacuas
991 1434 1187 1514 desumpsit
1201 1434 1372 1512 Athenas

456 1549 502 1611 Et
516 1548 639 1611 studiis
654 1567 764 1611 annos
778 1556 915 1628 septem
929 1548 1028 1611 dedit
1045 1548 1272 1630 insenuitque

455 1664 570 1726 Libris
584 1673 619 1725 et
633 1664 733 1741 curis,
750 1669 865 1725 statua
880 1663 1089 1726 taciturnius
1104 1664 1178 1725 exit

455 1779 662 1858 Plerumque
677 1784 713 1839 et
727 1777 798 1839 risu
812 1778 980 1857 populum
995 1778 1121 1858 quatit3
1142 1778 1200 1839 hic
1215 1796 1280 1858 ego
1294 1794 1412 1838 rerum

455 1891 635 1955 Fluctibus
648 1892 686 1953 in
700 1892 824 1953 mediis
839 1899 875 1954 et
890 1892 1158 1973 tempestatibus
1172 1892 1272 1954 urbis

453 1983 570 2069 Verba
582 2007 678 2088 lyrae
693 2013 830 2068 motura
844 2025 967 2068 sonum
983 2014 1190 2069 connectere
1205 2007 1350 2086 digner?

529 2138 547 2173 ’k
670 2137 689 2172 'k
810 2137 829 2171 'le
952 2137 971 2171 ’k
1092 2137 1111 2172 ἃ
1233 2137 1252 2170 il·
1373 2136 1392 2170 ’k

456 2235 568 2297 Multa
582 2235 658 2296 fero
668 2242 708 2297 ut
723 2235 857 2313 placem
872 2253 987 2315 genus
1001 2234 1174 2297 irritabile
1186 2242 1317 2311 vatum,

454 2349 541 2412 Cum
556 2349 670 2410 scribo
684 2357 720 2410 et
734 2348 882 2427 supplex
897 2350 1018 2428 populi
1032 2350 1201 2429 suffragia
1215 2356 1330 2429 capt03

454 2464 561 2542 Idem,
577 2463 686 2525 finitis
701 2463 827 2525 studiis
842 2472 878 2525 et
892 2471 1012 2525 mente
1027 2471 1178 2544 recepta,

453 2579 622 2641 Obturem
636 2577 773 2657 patulas
784 2577 928 2657 impune
942 2578 1143 2658 legentibus
1158 2596 1269 2640 aures.

454 2692 629 2754 Ridentur
642 2692 736 2752 mala
750 2692 809 2772 qui
826 2700 1040 2771 componunt
1055 2694 1204 2768 camina;
1226 2710 1348 2754 verum

453 2806 615 2868 Gaudent
630 2806 820 2868 scribentes
835 2815 871 2868 et
886 2825 923 2867 se
938 2813 1161 2885 venerantur,
1177 2813 1212 2868 et
1225 2807 1327 2886 ultro,

454 2923 490 2984 Si
505 2930 630 3001 taceas
642 2923 787 2984 laudant
801 2921 971 3002 quidquid
993 2923 1161 3002 scripsere
1176 2922 1279 2984 beati.

531 3055 550 3088 il·
672 3053 690 3088 ’k
812 3053 831 3086 il·
954 3053 973 3086 «lt
1095 3052 1114 3085 il·
1236 3051 1255 3084 il·
1377 3050 1396 3083 'k

453 3171 627 3232 Nimirum
641 3187 763 3249 sapere
779 3175 832 3231 est
847 3169 995 3247 abjectis
1009 3168 1097 3230 utile
1113 3167 1225 3247 nugis,

452 3287 498 3347 Et
511 3285 759 3363 tempestivum
771 3283 891 3363 pueris
906 3283 1096 3345 concedere
1110 3282 1247 3358 ludum;

450 3401 503 3461 Ac
517 3418 588 3461 non
602 3399 711 3461 verba
725 3399 824 3479 sequi
838 3398 966 3460 fidibus
976 3397 1188 3460 modulanda
1203 3395 1348 3472 Latinis,

451 3513 520 3576 Sed
534 3532 642 3577 verae
657 3531 891 3593 numerosque
906 3514 1097 3592 modosque
1112 3512 1269 3573 ediscere
1284 3510 1387 3572 vitae.

451 3629 620 3707 Quocirca
633 3646 769 3690 mecum
783 3628 908 3709 loquor
920 3629 1008 3689 haec
1022 3622 1217 3706 tacitusque
1230 3625 1405 3687 recordor·

525 3741 544 3776 ἃ
665 3742 685 3776 ’k
806 3741 825 3776 'k
947 3740 966 3775 ἃ
1088 3740 1107 3774 ik
1228 3739 1247 3774 ’k
1368 3736 1388 3771 ἃ
