3509 5750
776 1182 863 1252 SAT.
894 1202 921 1253 1.
970 1182 1035 1249 VI.

413 1336 599 1417 Nonquia,
616 1336 808 1415 Maecenas
827 1337 1005 1416 Lydorum
1020 1335 1189 1419 quidquid
1205 1338 1372 1399 Etruscos

411 1449 559 1513 Incoluit
572 1450 659 1512 fines
673 1469 776 1513 nemo
787 1450 989 1531 generosior
1001 1458 1055 1513 est
1069 1457 1114 1529 te,

410 1564 443 1625 N
446 1584 484 1627 ec
498 1564 590 1646 quod
604 1583 690 1627 avus
704 1564 769 1626 tibi
783 1572 962 1627 maternus
978 1564 1047 1627 fuit
1060 1572 1165 1646 atque
1181 1572 1348 1645 paternus

410 1678 502 1741 Olim
517 1680 577 1760 qui
590 1680 728 1760 magnis
739 1679 938 1760 legionibus
958 1659 1212 1760 imperitarent,

358 1788 360 1791 ’
414 1794 463 1855 Ut
480 1793 637 1875 plerique
651 1796 772 1867 solent,
787 1811 871 1855 naso
883 1794 1067 1873 suspendis
1089 1794 1224 1857 adunco

410 1909 562 1989 Ignotos,
578 1916 617 1970 ut
631 1927 687 1969 me
702 1908 865 1969 libertino
881 1915 979 1988 patre
995 1916 1126 1972 natum.

409 2023 497 2086 Cum
508 2023 638 2085 referre
652 2041 761 2102 negas
772 2023 866 2103 quali
875 2023 922 2085 sit
938 2023 1085 2104 quisque
1100 2031 1245 2103 parente

413 2137 524 2199 Natus
539 2137 622 2198 dum
643 2137 823 2217 ingenuus,
867 2138 887 2180 *
928 2137 947 2170 *
988 2137 1009 2171 ⁴*

490 2268 509 2301 δὲ
631 2268 650 2302 Ἀ·
772 2271 791 2311 ss
914 2268 932 2301 'k
1055 2268 1074 2302 ’κ’
1196 2271 1215 2311 *
1336 2271 1355 2311 *

409 2384 428 2426 *
550 2383 568 2416 *
692 2383 710 2416 *
831 2383 850 2416 u
973 2381 1153 2462 *Quid
1171 2391 1308 2462 oportet

409 2498 483 2559 Nos
498 2497 613 2558 facere
627 2516 648 2558 a
661 2498 769 2577 vulgo
783 2497 889 2577 longe
901 2497 1074 2577 longeque
1089 2502 1264 2559 remotos?

411 2611 569 2691 Namque
585 2618 660 2672 esto
676 2612 825 2690 populus
842 2611 999 2672 Laevino
1012 2612 1133 2672 mallet
1149 2611 1317 2673 honorem

409 2726 521 2805 Quam
538 2726 645 2787 Decio
660 2726 828 2787 mandare
842 2744 943 2803 novo,
953 2744 1145 2806 censorque
1160 2734 1320 2788 moveret

408 2840 545 2920 Appius
559 2840 711 2921 ingenuo
727 2840 755 2901 si
770 2858 841 2902 non
856 2859 969 2902 essem
991 2848 1090 2920 patre
1107 2847 1223 2904 natus:

408 2955 475 3016 Vel
489 2954 614 3016 merito
629 2956 792 3035 quoniam
808 2954 845 3015 in
860 2955 1001 3034 propria
1015 2974 1086 3015 non
1102 2955 1191 3034 pelle
1208 2955 1393 3035 quiessem.

410 3068 478 3131 Sed
492 3069 651 3149 fulgente
667 3069 775 3130 trahit
791 3069 997 3130 constrictos
1012 3068 1131 3130 Gloria
1146 3087 1250 3130 curru

411 3183 489 3245 Non
504 3183 620 3245 minus
634 3183 773 3263 ignotos
788 3183 979 3264 generosis.
1063 3182 1082 3216 ⁴*
1164 3182 1183 3215 *
1265 3183 1284 3216 ³*

490 3314 509 3348 ’k
632 3313 650 3346 ³1:
774 3313 792 3346 'k
916 3313 934 3346 'k
1058 3313 1077 3346 ³1:
1199 3313 1218 3347 u·
1340 3314 1358 3347 ³1:

410 3429 512 3490 Nunc
526 3426 570 3488 ad
586 3445 641 3488 me
656 3426 762 3488 redeo
777 3427 944 3488 libertino
959 3433 1059 3506 patre
1074 3433 1209 3504 natum,

409 3526 663 3622 Quem-rodunt
677 3559 797 3603 omnes
812 3541 978 3620 libertino
992 3548 1092 3620 patre
1111 3549 1243 3617 natum,

408 3657 441 3716 N
443 3674 510 3717 unc
525 3655 607 3736 quia
621 3673 700 3716 sum
714 3655 790 3733 tibi,
808 3654 1004 3732 Maecenas,
1022 3655 1212 3730 convictor;
1235 3663 1270 3717 at
1286 3656 1369 3717 olim

409 3769 511 3849 Quod
523 3768 609 3830 mihi
629 3774 771 3848 pareret
784 3768 879 3848 legio
897 3769 1056 3830 Romana
1069 3769 1221 3831 tribuno.

330 3952 333 3959 ,
410 3882 587 3947 Dissimile
602 3883 667 3944 hoc
680 3883 733 3944 illi
749 3890 815 3959 est;
838 3883 921 3963 quia
934 3901 1006 3944 non
1022 3890 1061 3945 ut
1076 3883 1178 3945 forsit
1193 3884 1362 3946 honorem
