<?xml version="1.0" encoding="UTF-8"?>
<!DOCTYPE html PUBLIC "-//W3C//DTD XHTML 1.0 Transitional//EN"
    "http://www.w3.org/TR/xhtml1/DTD/xhtml1-transitional.dtd">
<html xmlns="http://www.w3.org/1999/xhtml" xml:lang="en" lang="en">
 <head>
  <title>
</title>
<meta http-equiv="Content-Type" content="text/html;charset=utf-8" />
  <meta name='ocr-system' content='tesseract 3.04.00' />
  <meta name='ocr-capabilities' content='ocr_page ocr_carea ocr_par ocr_line ocrx_word'/>
</head>
<body>
  <div class='ocr_page' id='page_1' title='image "./horacehislifefr00horagoog_0064.png"; bbox 0 0 3509 5750; ppageno 0'>
   <div class='ocr_carea' id='block_1_1' title="bbox 902 777 938 833">
    <p class='ocr_par' dir='ltr' id='par_1_1' title="bbox 902 777 938 833">
     <span class='ocr_line' id='line_1_1' title="bbox 902 777 938 833; baseline 0 0"><span class='ocrx_word' id='word_1_1' title='bbox 902 777 938 833; x_wconf 79' lang='lat'>56</span> 
     </span>
    </p>
   </div>
   <div class='ocr_carea' id='block_1_2' title="bbox 529 948 1298 2971">
    <p class='ocr_par' dir='ltr' id='par_1_2' title="bbox 570 948 1141 1030">
     <span class='ocr_line' id='line_1_2' title="bbox 570 948 1141 1030; baseline -0.005 -18"><span class='ocrx_word' id='word_1_2' title='bbox 570 952 743 1030; x_wconf 90' lang='lat' dir='ltr'>Deprome</span> <span class='ocrx_word' id='word_1_3' title='bbox 758 948 981 1030; x_wconf 89' lang='lat' dir='ltr'>quadrimum</span> <span class='ocrx_word' id='word_1_4' title='bbox 1002 948 1141 1027; x_wconf 89' lang='lat' dir='ltr'>Sabina,</span> 
     </span>
    </p>

    <p class='ocr_par' dir='ltr' id='par_1_3' title="bbox 529 1062 1147 1372">
     <span class='ocr_line' id='line_1_3' title="bbox 608 1062 1147 1140; baseline -0.004 -14"><span class='ocrx_word' id='word_1_5' title='bbox 608 1066 638 1126; x_wconf 93' lang='grc' dir='ltr'>Ο</span> <span class='ocrx_word' id='word_1_6' title='bbox 653 1064 871 1140; x_wconf 84' lang='lat' dir='ltr'>Thaliarche,</span> <span class='ocrx_word' id='word_1_7' title='bbox 888 1081 1024 1124; x_wconf 89' lang='lat' dir='ltr'>merum</span> <span class='ocrx_word' id='word_1_8' title='bbox 1043 1062 1147 1124; x_wconf 92' lang='lat' dir='ltr'>diota.</span> 
     </span>
     <span class='ocr_line' id='line_1_4' title="bbox 529 1176 1134 1257; baseline -0.007 -17"><span class='ocrx_word' id='word_1_9' title='bbox 529 1179 694 1240; x_wconf 87' lang='lat' dir='ltr'>Permitte</span> <span class='ocrx_word' id='word_1_10' title='bbox 709 1178 798 1241; x_wconf 89' lang='lat' dir='ltr'>divis</span> <span class='ocrx_word' id='word_1_11' title='bbox 813 1185 939 1255; x_wconf 88' lang='lat' dir='ltr'>cetera,</span> <span class='ocrx_word' id='word_1_12' title='bbox 956 1177 1015 1257; x_wconf 92' lang='lat' dir='ltr'>qui</span> <span class='ocrx_word' id='word_1_13' title='bbox 1030 1176 1134 1238; x_wconf 88' lang='lat' dir='ltr'>simul</span> 
     </span>
     <span class='ocr_line' id='line_1_5' title="bbox 529 1290 1145 1372; baseline -0.006 -17"><span class='ocrx_word' id='word_1_14' title='bbox 529 1293 690 1356; x_wconf 88' lang='lat' dir='ltr'>Stravere</span> <span class='ocrx_word' id='word_1_15' title='bbox 704 1300 828 1354; x_wconf 87' lang='lat' dir='ltr'>ventos</span> <span class='ocrx_word' id='word_1_16' title='bbox 842 1310 994 1372; x_wconf 88' lang='lat' dir='ltr'>aequore</span> <span class='ocrx_word' id='word_1_17' title='bbox 1008 1290 1145 1352; x_wconf 80' lang='lat' dir='ltr'>fervido</span> 
     </span>
    </p>

    <p class='ocr_par' dir='ltr' id='par_1_4' title="bbox 569 1404 1083 1488">
     <span class='ocr_line' id='line_1_6' title="bbox 569 1404 1083 1488; baseline -0.006 -20"><span class='ocrx_word' id='word_1_18' title='bbox 569 1406 834 1488; x_wconf 90' lang='lat' dir='ltr'>Deproeliantes</span> <span class='ocrx_word' id='word_1_19' title='bbox 848 1424 913 1467; x_wconf 90' lang='lat' dir='ltr'>nec</span> <span class='ocrx_word' id='word_1_20' title='bbox 928 1404 1083 1484; x_wconf 86' lang='lat' dir='ltr'>cupressi</span> 
     </span>
    </p>

    <p class='ocr_par' dir='ltr' id='par_1_5' title="bbox 609 1519 1140 1600">
     <span class='ocr_line' id='line_1_7' title="bbox 609 1519 1140 1600; baseline 0 -18"><span class='ocrx_word' id='word_1_21' title='bbox 609 1522 685 1582; x_wconf 89' lang='lat' dir='ltr'>Nec</span> <span class='ocrx_word' id='word_1_22' title='bbox 698 1527 836 1582; x_wconf 89' lang='lat' dir='ltr'>veteres</span> <span class='ocrx_word' id='word_1_23' title='bbox 859 1519 1039 1600; x_wconf 84' lang='lat' dir='ltr'>agitantur</span> <span class='ocrx_word' id='word_1_24' title='bbox 1053 1519 1140 1582; x_wconf 87' lang='lat' dir='ltr'>omi.</span> 
     </span>
    </p>

    <p class='ocr_par' dir='ltr' id='par_1_6' title="bbox 529 1634 1283 1943">
     <span class='ocr_line' id='line_1_8' title="bbox 529 1634 1283 1715; baseline 0 -19"><span class='ocrx_word' id='word_1_25' title='bbox 529 1636 620 1715; x_wconf 77' lang='lat' dir='ltr'>Quid</span> <span class='ocrx_word' id='word_1_26' title='bbox 635 1636 680 1697; x_wconf 91' lang='lat' dir='ltr'>sit</span> <span class='ocrx_word' id='word_1_27' title='bbox 694 1635 852 1696; x_wconf 88' lang='lat' dir='ltr'>futurum</span> <span class='ocrx_word' id='word_1_28' title='bbox 868 1653 945 1695; x_wconf 91' lang='lat' dir='ltr'>cras</span> <span class='ocrx_word' id='word_1_29' title='bbox 957 1634 1041 1713; x_wconf 86' lang='lat' dir='ltr'>fuge</span> <span class='ocrx_word' id='word_1_30' title='bbox 1057 1652 1234 1714; x_wconf 85' lang='lat' dir='ltr'>quaerere,</span> <span class='ocrx_word' id='word_1_31' title='bbox 1248 1643 1283 1696; x_wconf 93' lang='lat' dir='ltr'>et</span> 
     </span>
     <span class='ocr_line' id='line_1_9' title="bbox 530 1748 1268 1829; baseline 0 -18"><span class='ocrx_word' id='word_1_32' title='bbox 530 1751 641 1828; x_wconf 78' lang='lat' dir='ltr'>Quem</span> <span class='ocrx_word' id='word_1_33' title='bbox 654 1750 740 1811; x_wconf 90' lang='lat' dir='ltr'>Fors</span> <span class='ocrx_word' id='word_1_34' title='bbox 754 1749 892 1810; x_wconf 89' lang='lat' dir='ltr'>dierum</span> <span class='ocrx_word' id='word_1_35' title='bbox 905 1766 1043 1829; x_wconf 90' lang='lat' dir='ltr'>cunque</span> <span class='ocrx_word' id='word_1_36' title='bbox 1058 1748 1156 1810; x_wconf 90' lang='lat' dir='ltr'>dabit</span> <span class='ocrx_word' id='word_1_37' title='bbox 1170 1749 1268 1811; x_wconf 90' lang='lat' dir='ltr'>lucro</span> 
     </span>
     <span class='ocr_line' id='line_1_10' title="bbox 569 1863 1089 1943; baseline -0.004 -18"><span class='ocrx_word' id='word_1_38' title='bbox 569 1864 728 1943; x_wconf 90' lang='lat' dir='ltr'>Appone,</span> <span class='ocrx_word' id='word_1_39' title='bbox 745 1882 807 1924; x_wconf 94' lang='lat' dir='ltr'>nec</span> <span class='ocrx_word' id='word_1_40' title='bbox 823 1863 941 1924; x_wconf 89' lang='lat' dir='ltr'>dulces</span> <span class='ocrx_word' id='word_1_41' title='bbox 954 1881 1089 1923; x_wconf 89' lang='lat' dir='ltr'>amores</span> 
     </span>
    </p>

    <p class='ocr_par' dir='ltr' id='par_1_7' title="bbox 532 1976 1298 2286">
     <span class='ocr_line' id='line_1_11' title="bbox 613 1976 1298 2057; baseline -0.003 -18"><span class='ocrx_word' id='word_1_42' title='bbox 613 1978 745 2057; x_wconf 86' lang='lat' dir='ltr'>Sperne</span> <span class='ocrx_word' id='word_1_43' title='bbox 761 1995 847 2056; x_wconf 88' lang='lat' dir='ltr'>puer</span> <span class='ocrx_word' id='word_1_44' title='bbox 862 1995 975 2057; x_wconf 90' lang='lat' dir='ltr'>neque</span> <span class='ocrx_word' id='word_1_45' title='bbox 991 1983 1029 2038; x_wconf 92' lang='lat' dir='ltr'>tu</span> <span class='ocrx_word' id='word_1_46' title='bbox 1044 1976 1195 2054; x_wconf 86' lang='lat' dir='ltr'>choreas,</span> <span class='ocrx_word' id='word_1_47' title='bbox 1296 2046 1298 2049; x_wconf 23' lang='lat'>¹</span> 
     </span>
     <span class='ocr_line' id='line_1_12' title="bbox 532 2092 1071 2154; baseline -0.004 0"><span class='ocrx_word' id='word_1_48' title='bbox 532 2094 650 2154; x_wconf 92' lang='lat' dir='ltr'>Donec</span> <span class='ocrx_word' id='word_1_49' title='bbox 665 2092 793 2153; x_wconf 88' lang='lat' dir='ltr'>virenti</span> <span class='ocrx_word' id='word_1_50' title='bbox 810 2092 956 2153; x_wconf 88' lang='lat' dir='ltr'>canities</span> <span class='ocrx_word' id='word_1_51' title='bbox 972 2092 1071 2153; x_wconf 91' lang='lat' dir='ltr'>abest</span> 
     </span>
     <span class='ocr_line' id='line_1_13' title="bbox 532 2206 1199 2286; baseline -0.001 -18"><span class='ocrx_word' id='word_1_52' title='bbox 532 2208 679 2268; x_wconf 89' lang='lat' dir='ltr'>Morosa.</span> <span class='ocrx_word' id='word_1_53' title='bbox 723 2206 826 2267; x_wconf 91' lang='lat' dir='ltr'>Nunc</span> <span class='ocrx_word' id='word_1_54' title='bbox 838 2214 874 2267; x_wconf 90' lang='lat' dir='ltr'>et</span> <span class='ocrx_word' id='word_1_55' title='bbox 889 2224 1032 2286; x_wconf 91' lang='lat' dir='ltr'>campus</span> <span class='ocrx_word' id='word_1_56' title='bbox 1048 2211 1083 2267; x_wconf 95' lang='lat' dir='ltr'>et</span> <span class='ocrx_word' id='word_1_57' title='bbox 1097 2225 1199 2267; x_wconf 88' lang='lat' dir='ltr'>areae</span> 
     </span>
    </p>

    <p class='ocr_par' dir='ltr' id='par_1_8' title="bbox 572 2321 1136 2400">
     <span class='ocr_line' id='line_1_14' title="bbox 572 2321 1136 2400; baseline -0.002 -19"><span class='ocrx_word' id='word_1_58' title='bbox 572 2322 755 2400; x_wconf 89' lang='lat' dir='ltr'>Lenesque</span> <span class='ocrx_word' id='word_1_59' title='bbox 771 2321 835 2382; x_wconf 90' lang='lat' dir='ltr'>sub</span> <span class='ocrx_word' id='word_1_60' title='bbox 851 2327 990 2381; x_wconf 89' lang='lat' dir='ltr'>noctem</span> <span class='ocrx_word' id='word_1_61' title='bbox 1004 2321 1136 2381; x_wconf 84' lang='lat' dir='ltr'>susurri</span> 
     </span>
    </p>

    <p class='ocr_par' dir='ltr' id='par_1_9' title="bbox 611 2435 1147 2514">
     <span class='ocr_line' id='line_1_15' title="bbox 611 2435 1147 2514; baseline -0.004 -17"><span class='ocrx_word' id='word_1_62' title='bbox 611 2435 809 2514; x_wconf 89' lang='lat' dir='ltr'>Composita</span> <span class='ocrx_word' id='word_1_63' title='bbox 823 2442 1027 2514; x_wconf 87' lang='lat' dir='ltr'>repetantur</span> <span class='ocrx_word' id='word_1_64' title='bbox 1042 2435 1126 2496; x_wconf 92' lang='lat' dir='ltr'>hora</span> <span class='ocrx_word' id='word_1_65' title='bbox 1139 2459 1147 2510; x_wconf 90' lang='lat'>;</span> 
     </span>
    </p>

    <p class='ocr_par' dir='ltr' id='par_1_10' title="bbox 532 2548 1151 2971">
     <span class='ocr_line' id='line_1_16' title="bbox 532 2548 1151 2628; baseline 0.002 -20"><span class='ocrx_word' id='word_1_66' title='bbox 532 2548 634 2609; x_wconf 92' lang='lat' dir='ltr'>Nunc</span> <span class='ocrx_word' id='word_1_67' title='bbox 649 2556 684 2610; x_wconf 93' lang='lat' dir='ltr'>et</span> <span class='ocrx_word' id='word_1_68' title='bbox 698 2549 839 2611; x_wconf 90' lang='lat' dir='ltr'>latentis</span> <span class='ocrx_word' id='word_1_69' title='bbox 855 2548 1012 2628; x_wconf 89' lang='lat' dir='ltr'>proditor</span> <span class='ocrx_word' id='word_1_70' title='bbox 1025 2548 1151 2609; x_wconf 89' lang='lat' dir='ltr'>intimo</span> 
     </span>
     <span class='ocr_line' id='line_1_17' title="bbox 533 2662 1125 2745; baseline -0.002 -21"><span class='ocrx_word' id='word_1_71' title='bbox 533 2662 660 2724; x_wconf 87' lang='lat' dir='ltr'>Gratus</span> <span class='ocrx_word' id='word_1_72' title='bbox 671 2662 807 2745; x_wconf 85' lang='lat' dir='ltr'>puellae</span> <span class='ocrx_word' id='word_1_73' title='bbox 822 2663 913 2724; x_wconf 90' lang='lat' dir='ltr'>risus</span> <span class='ocrx_word' id='word_1_74' title='bbox 928 2663 970 2723; x_wconf 91' lang='lat' dir='ltr'>ab</span> <span class='ocrx_word' id='word_1_75' title='bbox 986 2662 1125 2742; x_wconf 86' lang='lat' dir='ltr'>angu10,</span> 
     </span>
     <span class='ocr_line' id='line_1_18' title="bbox 573 2776 1126 2857; baseline 0 -19"><span class='ocrx_word' id='word_1_76' title='bbox 573 2776 772 2857; x_wconf 88' lang='lat' dir='ltr'>Pignusque</span> <span class='ocrx_word' id='word_1_77' title='bbox 788 2777 971 2856; x_wconf 90' lang='lat' dir='ltr'>dereptum</span> <span class='ocrx_word' id='word_1_78' title='bbox 986 2776 1126 2838; x_wconf 89' lang='lat' dir='ltr'>lacertis</span> 
     </span>
     <span class='ocr_line' id='line_1_19' title="bbox 612 2890 1110 2971; baseline 0.004 -19"><span class='ocrx_word' id='word_1_79' title='bbox 612 2891 686 2953; x_wconf 88' lang='lat' dir='ltr'>Aut</span> <span class='ocrx_word' id='word_1_80' title='bbox 700 2891 811 2971; x_wconf 83' lang='lat' dir='ltr'>digito</span> <span class='ocrx_word' id='word_1_81' title='bbox 826 2892 917 2952; x_wconf 89' lang='lat' dir='ltr'>male</span> <span class='ocrx_word' id='word_1_82' title='bbox 933 2890 1110 2970; x_wconf 89' lang='lat' dir='ltr'>pertinaci.</span> 
     </span>
    </p>
   </div>
   <div class='ocr_carea' id='block_1_3' title="bbox 770 3241 1069 3312">
    <p class='ocr_par' dir='ltr' id='par_1_11' title="bbox 770 3241 1069 3312">
     <span class='ocr_line' id='line_1_20' title="bbox 770 3241 1069 3312; baseline -0.003 -3"><span class='ocrx_word' id='word_1_83' title='bbox 770 3241 896 3312; x_wconf 77' lang='lat' dir='ltr'><strong>CARM.</strong></span> <span class='ocrx_word' id='word_1_84' title='bbox 926 3262 953 3312; x_wconf 86' lang='lat'>1.</span> <span class='ocrx_word' id='word_1_85' title='bbox 1002 3242 1069 3308; x_wconf 91' lang='lat' dir='ltr'>XI.</span> 
     </span>
    </p>
   </div>
   <div class='ocr_carea' id='block_1_4' title="bbox 411 3395 1432 4278">
    <p class='ocr_par' dir='ltr' id='par_1_12' title="bbox 411 3395 1432 4278">
     <span class='ocr_line' id='line_1_21' title="bbox 412 3395 1412 3477; baseline 0.001 -21"><span class='ocrx_word' id='word_1_86' title='bbox 412 3397 467 3457; x_wconf 85' lang='lat' dir='ltr'>Tu</span> <span class='ocrx_word' id='word_1_87' title='bbox 482 3414 527 3457; x_wconf 90' lang='lat' dir='ltr'>ne</span> <span class='ocrx_word' id='word_1_88' title='bbox 542 3395 743 3475; x_wconf 88' lang='lat' dir='ltr'>quaesieris,</span> <span class='ocrx_word' id='word_1_89' title='bbox 761 3395 849 3457; x_wconf 90' lang='lat' dir='ltr'>scire</span> <span class='ocrx_word' id='word_1_90' title='bbox 864 3395 976 3475; x_wconf 82' lang='lat' dir='ltr'>netas,</span> <span class='ocrx_word' id='word_1_91' title='bbox 992 3413 1097 3476; x_wconf 87' lang='lat' dir='ltr'>quem</span> <span class='ocrx_word' id='word_1_92' title='bbox 1110 3395 1208 3474; x_wconf 91' lang='lat' dir='ltr'>mihi,</span> <span class='ocrx_word' id='word_1_93' title='bbox 1224 3415 1329 3477; x_wconf 88' lang='lat' dir='ltr'>quem</span> <span class='ocrx_word' id='word_1_94' title='bbox 1346 3397 1412 3458; x_wconf 91' lang='lat' dir='ltr'>tibi</span> 
     </span>
     <span class='ocr_line' id='line_1_22' title="bbox 413 3508 1290 3589; baseline 0.003 -20"><span class='ocrx_word' id='word_1_95' title='bbox 413 3509 535 3571; x_wconf 88' lang='lat' dir='ltr'>Finem</span> <span class='ocrx_word' id='word_1_96' title='bbox 550 3508 586 3571; x_wconf 92' lang='lat' dir='ltr'>di</span> <span class='ocrx_word' id='word_1_97' title='bbox 600 3508 771 3587; x_wconf 90' lang='lat' dir='ltr'>dederint,</span> <span class='ocrx_word' id='word_1_98' title='bbox 789 3510 981 3587; x_wconf 71' lang='lat' dir='ltr'>Leuconoe,</span> <span class='ocrx_word' id='word_1_99' title='bbox 996 3529 1061 3571; x_wconf 93' lang='lat' dir='ltr'>nec</span> <span class='ocrx_word' id='word_1_100' title='bbox 1077 3510 1290 3589; x_wconf 89' lang='lat' dir='ltr'>Babylonios</span> 
     </span>
     <span class='ocr_line' id='line_1_23' title="bbox 411 3624 1367 3706; baseline 0.001 -21"><span class='ocrx_word' id='word_1_101' title='bbox 411 3624 576 3686; x_wconf 84' lang='lat' dir='ltr'>Tentaris</span> <span class='ocrx_word' id='word_1_102' title='bbox 591 3642 766 3687; x_wconf 88' lang='lat' dir='ltr'>numeros.</span> <span class='ocrx_word' id='word_1_103' title='bbox 811 3625 862 3687; x_wconf 94' lang='lat' dir='ltr'>Ut</span> <span class='ocrx_word' id='word_1_104' title='bbox 875 3625 1002 3686; x_wconf 88' lang='lat' dir='ltr'>melius</span> <span class='ocrx_word' id='word_1_105' title='bbox 1017 3625 1188 3705; x_wconf 90' lang='lat' dir='ltr'>quidquid</span> <span class='ocrx_word' id='word_1_106' title='bbox 1199 3626 1268 3687; x_wconf 91' lang='lat' dir='ltr'>erit</span> <span class='ocrx_word' id='word_1_107' title='bbox 1284 3625 1367 3706; x_wconf 93' lang='lat' dir='ltr'>pati,</span> 
     </span>
     <span class='ocr_line' id='line_1_24' title="bbox 413 3737 1348 3821; baseline 0.001 -21"><span class='ocrx_word' id='word_1_108' title='bbox 413 3737 482 3800; x_wconf 90' lang='lat' dir='ltr'>Seu</span> <span class='ocrx_word' id='word_1_109' title='bbox 497 3739 614 3818; x_wconf 88' lang='lat' dir='ltr'>plures</span> <span class='ocrx_word' id='word_1_110' title='bbox 629 3738 764 3800; x_wconf 88' lang='lat' dir='ltr'>hiemes</span> <span class='ocrx_word' id='word_1_111' title='bbox 779 3757 842 3800; x_wconf 88' lang='lat' dir='ltr'>seu</span> <span class='ocrx_word' id='word_1_112' title='bbox 856 3739 981 3800; x_wconf 90' lang='lat' dir='ltr'>tribuit</span> <span class='ocrx_word' id='word_1_113' title='bbox 995 3740 1157 3821; x_wconf 85' lang='lat' dir='ltr'>Juppiter</span> <span class='ocrx_word' id='word_1_114' title='bbox 1178 3739 1348 3816; x_wconf 89' lang='lat' dir='ltr'>ultimam,</span> 
     </span>
     <span class='ocr_line' id='line_1_25' title="bbox 411 3853 1300 3932; baseline 0.001 -19"><span class='ocrx_word' id='word_1_115' title='bbox 411 3853 507 3932; x_wconf 84' lang='lat' dir='ltr'>Quae</span> <span class='ocrx_word' id='word_1_116' title='bbox 521 3871 614 3915; x_wconf 89' lang='lat' dir='ltr'>nunc</span> <span class='ocrx_word' id='word_1_117' title='bbox 630 3853 801 3932; x_wconf 91' lang='lat' dir='ltr'>oppositis</span> <span class='ocrx_word' id='word_1_118' title='bbox 816 3853 978 3914; x_wconf 88' lang='lat' dir='ltr'>debilitat</span> <span class='ocrx_word' id='word_1_119' title='bbox 992 3853 1189 3932; x_wconf 85' lang='lat' dir='ltr'>pumicibus</span> <span class='ocrx_word' id='word_1_120' title='bbox 1204 3872 1300 3915; x_wconf 90' lang='lat' dir='ltr'>mare</span> 
     </span>
     <span class='ocr_line' id='line_1_26' title="bbox 413 3966 1352 4047; baseline 0.003 -21"><span class='ocrx_word' id='word_1_121' title='bbox 413 3966 642 4046; x_wconf 86' lang='lat' dir='ltr'>Tyrrhenum.</span> <span class='ocrx_word' id='word_1_122' title='bbox 687 3967 818 4047; x_wconf 77' lang='lat' dir='ltr'>sapiae,</span> <span class='ocrx_word' id='word_1_123' title='bbox 834 3967 917 4028; x_wconf 90' lang='lat' dir='ltr'>vina</span> <span class='ocrx_word' id='word_1_124' title='bbox 931 3967 1054 4047; x_wconf 89' lang='lat' dir='ltr'>liques,</span> <span class='ocrx_word' id='word_1_125' title='bbox 1069 3974 1106 4028; x_wconf 91' lang='lat' dir='ltr'>et</span> <span class='ocrx_word' id='word_1_126' title='bbox 1120 3967 1232 4046; x_wconf 92' lang='lat' dir='ltr'>spatio</span> <span class='ocrx_word' id='word_1_127' title='bbox 1252 3967 1352 4029; x_wconf 90' lang='lat' dir='ltr'>brevi</span> 
     </span>
     <span class='ocr_line' id='line_1_27' title="bbox 413 4079 1432 4162; baseline 0 -20"><span class='ocrx_word' id='word_1_128' title='bbox 413 4079 518 4161; x_wconf 89' lang='lat' dir='ltr'>Spem</span> <span class='ocrx_word' id='word_1_129' title='bbox 532 4081 676 4162; x_wconf 88' lang='lat' dir='ltr'>longam</span> <span class='ocrx_word' id='word_1_130' title='bbox 690 4100 836 4143; x_wconf 88' lang='lat' dir='ltr'>reseces.</span> <span class='ocrx_word' id='word_1_131' title='bbox 881 4082 974 4142; x_wconf 90' lang='lat' dir='ltr'>Dum</span> <span class='ocrx_word' id='word_1_132' title='bbox 985 4081 1162 4162; x_wconf 86' lang='lat' dir='ltr'>loquimur</span> <span class='ocrx_word' id='word_1_133' title='bbox 1170 4081 1302 4161; x_wconf 83' lang='lat' dir='ltr'>fugerit</span> <span class='ocrx_word' id='word_1_134' title='bbox 1310 4080 1432 4143; x_wconf 90' lang='lat' dir='ltr'>invida</span> 
     </span>
     <span class='ocr_line' id='line_1_28' title="bbox 412 4194 1402 4278; baseline 0.002 -22"><span class='ocrx_word' id='word_1_135' title='bbox 412 4194 533 4258; x_wconf 86' lang='lat' dir='ltr'>Aetas:</span> <span class='ocrx_word' id='word_1_136' title='bbox 555 4214 663 4277; x_wconf 78' lang='lat' dir='ltr'>carpe-</span> <span class='ocrx_word' id='word_1_137' title='bbox 673 4196 766 4258; x_wconf 88' lang='lat' dir='ltr'>diem</span> <span class='ocrx_word' id='word_1_138' title='bbox 781 4212 887 4278; x_wconf 90' lang='lat' dir='ltr'>quam</span> <span class='ocrx_word' id='word_1_139' title='bbox 903 4196 1091 4258; x_wconf 88' lang='lat' dir='ltr'>minimum</span> <span class='ocrx_word' id='word_1_140' title='bbox 1107 4197 1249 4258; x_wconf 89' lang='lat' dir='ltr'>credula</span> <span class='ocrx_word' id='word_1_141' title='bbox 1262 4204 1402 4277; x_wconf 90' lang='lat' dir='ltr'>postero</span> 
     </span>
    </p>
   </div>
   <div class='ocr_carea' id='block_1_5' title="bbox 0 0 1785 5750">
    <p class='ocr_par' dir='ltr' id='par_1_13' title="bbox 0 0 1785 5750">
     <span class='ocr_line' id='line_1_29' title="bbox 0 0 1785 5750; baseline 0 0"><span class='ocrx_word' id='word_1_142' title='bbox 0 0 1785 5750; x_wconf 95' lang='lat' dir='ltr'> </span> 
     </span>
    </p>
   </div>
  </div>
 </body>
</html>
