3509 5750
910 683 947 742 52

737 989 862 1060 Canu.
884 1011 914 1073 3.
963 992 1105 1063 XXVl.

538 1126 622 1188 Vixi
635 1127 761 1207 puellis
774 1147 888 1208 nuper
899 1129 1045 1192 idoneus

537 1242 583 1302 Et
597 1241 746 1304 militavi
761 1260 830 1303 non
846 1244 923 1305 sine
936 1244 1069 1323 gloria;

578 1356 611 1416 N
613 1374 682 1418 unc
696 1374 795 1418 arma
809 1357 1083 1439 defunctumque
1097 1358 1190 1420 bello

617 1471 784 1534 Barbiton
795 1472 852 1533 hic
865 1472 980 1551 paries
994 1472 1146 1550 habebit,

538 1584 694 1646 Laevum
707 1585 864 1649 marinae
880 1587 939 1666 qui
954 1588 1103 1649 Veneris
1116 1586 1209 1650 latus

433 1698 440 1709 ‘
536 1698 704 1761 Custodit.
749 1699 818 1761 Hic
831 1699 889 1761 hic
903 1701 1021 1780 ponite
1035 1700 1149 1763 lucida

575 1812 721 1874 Funalia
735 1820 770 1874 et
784 1820 902 1876 vectes
917 1821 952 1876 et
967 1832 1067 1876 arcus

616 1927 792 2008 Oppositis
807 1928 943 1991 foribus
957 1929 1119 1992 minaces.

535 2041 565 2102 O
580 2060 668 2121 quae
683 2043 821 2104 beatam
835 2043 918 2105 diva
932 2051 1033 2104 tenes
1048 2044 1202 2124 Cyprum
1214 2052 1249 2107 et

536 2154 717 2237 Memphin
732 2163 909 2218 carentem
926 2156 1085 2219 Sithonia
1099 2158 1190 2235 nive,

575 2270 720 2351 Regina,
737 2270 878 2333 sublimi
893 2270 1030 2350 flagello

614 2385 735 2465 Tange
751 2385 882 2449 Chloen
898 2387 1007 2447 semel
1022 2393 1253 2467 arrogantem.

689 2818 814 2891 CARM.
837 2840 864 2890 1.
913 2820 1095 2892 XXXIV.

533 3009 672 3070 Pincus
685 3008 829 3069 deorum
844 3007 957 3070 cultor
971 3016 1006 3070 et
1019 3009 1222 3090 infrequens

533 3123 745 3185 Insanientis
759 3123 842 3184 dum
857 3123 1047 3203 sapientiae

572 3237 761 3300 Consultus
774 3255 863 3314 erro,
879 3256 972 3300 nunc
985 3245 1177 3301 retrorsum

612 3353 700 3413 Vela
714 3352 797 3413 dare
812 3359 916 3432 atque
930 3354 1058 3416 iterare
1072 3374 1193 3419 cursus

531 3467 646 3548 Cogor
659 3468 822 3529 relictos:
844 3485 996 3547 namque
1013 3469 1201 3551 Diespiter,

530 3582 608 3661 Igni
622 3599 763 3643 corusco
777 3580 900 3642 nubila
914 3581 1072 3644 dividens

571 3697 790 3776 Plerumque,
806 3714 869 3775 per
883 3714 1011 3776 purum
1026 3704 1189 3762 tonantes

611 3811 695 3890 Egit
709 3827 817 3890 equos
832 3812 1079 3891 volucremque
1093 3831 1243 3891 currum,

528 3925 606 4003 Quo
619 3923 723 3986 bruta
732 3923 837 3986 tellus
852 3932 889 3985 et
903 3943 994 4005 vaga
1007 3925 1161 4005 flumina,

529 4039 606 4119 Quo
621 4038 708 4118 Styx
723 4044 758 4100 et
768 4038 873 4100 invisi
884 4039 1028 4101 horrida
1042 4040 1193 4102 Taenari

569 4153 677 4216 Sedes
687 4153 945 4234 Atlanteusque
960 4154 1040 4217 finis

611 4265 825 4329 Concutitur.
868 4268 973 4330 Valet
987 4268 1059 4330 ima
1077 4270 1222 4331 summis

530 4381 666 4443 Mutare
680 4388 715 4443 et
728 4382 902 4462 insignem
916 4387 1074 4444 attenuat
1089 4383 1174 4444 deus

527 4495 684 4557 Obscura
697 4514 862 4578 promens
875 4518 883 4572 ;
904 4496 989 4559 hinc
1004 4498 1137 4577 apicem
1152 4515 1260 4577 rapax

567 4609 722 4671 Fortuna
735 4629 814 4672 cum
829 4610 978 4672 stridore
991 4618 1091 4673 acuto

607 4723 764 4804 Sustulit,
779 4725 836 4787 hic
849 4725 1007 4804 posuisse
1021 4726 1160 4806 gaudet.
