3509 5750
905 669 958 725 106

784 840 906 907 EPIsT.
934 862 960 906 1.
1007 841 1091 906 XX.

420 1013 651 1074 VERTUMNUM
666 1013 875 1093 Janumque,
891 1012 990 1090 liber,
1007 1020 1165 1091 spectare
1180 1014 1319 1093 videris

423 1126 562 1189 Scilicet
576 1134 616 1187 ut
630 1134 767 1205 prostes
783 1126 963 1188 Sosiorum
977 1128 1115 1206 pumice
1131 1129 1290 1190 mundus.

422 1240 537 1302 Odisti
552 1240 666 1300 claves
677 1246 714 1300 et
728 1247 829 1319 grata
843 1239 959 1318 sigilla
972 1240 1097 1319 pudico
1113 1264 1120 1315 ;

424 1355 543 1415 Paucis
558 1353 694 1415 ostendi
709 1354 821 1434 gemis
836 1362 872 1415 et
887 1355 1085 1416 communia
1099 1356 1230 1432 laudas,

423 1469 502 1530 Non
516 1477 572 1529 eta
587 1469 750 1531 nutritus.
794 1469 892 1548 Fuge
908 1487 976 1548 quo
991 1467 1203 1531 descendere
1218 1472 1336 1550 gestis

422 1583 502 1643 Non
512 1583 578 1643 erit
589 1583 716 1644 emisso
731 1583 864 1644 reditus
880 1582 954 1644 tibi.
999 1585 1017 1614 ‘⁴
1030 1582 1123 1661 Quid
1136 1584 1241 1645 miser
1252 1585 1332 1663 egi?

421 1696 513 1776 Quid
523 1696 637 1758 volui?
648 1700 665 1723 '’
682 1697 776 1758 dices
787 1697 848 1757 ubi
864 1696 941 1776 quis
956 1703 992 1757 te
1008 1697 1151 1758 laeserit
1166 1721 1173 1772 ;
1195 1706 1230 1759 et
1246 1699 1312 1759 scis

421 1813 463 1873 In
473 1812 578 1872 breve
593 1820 628 1873 te
643 1811 720 1889 cogi
735 1829 814 1871 cum
835 1810 961 1889 plenus
975 1812 1121 1890 languet
1136 1820 1278 1873 amator.

422 1925 552 2005 Quodsi
562 1945 630 1986 non
645 1925 724 1986 odio
738 1924 916 2003 peccantis
931 1924 1060 2004 desipit
1075 1943 1198 2005 augur,

421 2040 530 2103 Ca'rus
545 2042 613 2103 eris
630 2042 763 2101 Romae
779 2037 890 2099 donec
904 2045 940 2099 te
958 2039 1096 2101 deserat
1112 2046 1207 2100 aetas
1222 2064 1229 2115 ;

422 2155 664 2217 Contrectatus
679 2154 741 2225 ubi
756 2154 916 2216 manibus
926 2154 1125 2216 sordescere
1140 2156 1238 2233 vulgi

421 2270 594 2348 coeperis,
611 2276 671 2331 aut
680 2270 792 2330 tineas
806 2286 927 2347 pasces
942 2268 1136 2329 taciturnus
1147 2269 1287 2344 inertes,

421 2386 494 2446 Aut
508 2384 619 2463 fugies
634 2384 775 2445 Uticam
791 2391 851 2444 aut
866 2383 1005 2443 vinctus
1018 2383 1169 2444 mitteris
1184 2384 1344 2446 Ilerdam.

422 2498 563 2560 Ridebit
578 2498 730 2559 monitor
744 2516 814 2558 non
830 2494 1023 2570 exauditus,
1034 2504 1073 2557 ut
1088 2496 1147 2557 ille

421 2614 489 2692 Qui
502 2614 593 2674 male
608 2618 787 2691 parentem
802 2612 839 2671 in
854 2629 959 2690 rupes
967 2611 1136 2689 protrusit
1150 2613 1297 2672 asellum

420 2728 535 2789 Iratus
550 2751 556 2789 ι
579 2726 656 2807 quis
670 2725 763 2787 enim
778 2725 929 2787 invitum
945 2743 1079 2786 servare
1094 2726 1251 2787 laboret?
