3509 5750
837 625 874 680 40

475 813 666 893 Longaque
680 813 812 875 fessum
827 812 952 874 militia
965 813 1057 876 latus

517 930 660 1007 Depone
672 929 736 989 sub
750 927 852 989 lauru
864 946 943 989 mea
956 945 1022 989 nec

555 1042 660 1103 Parce
675 1042 768 1103 cadis
781 1041 847 1103 tibi
861 1041 1053 1103 destinatis.

475 1155 652 1218 Oblivioso
666 1156 757 1218 levia
765 1154 914 1216 Massico

476 1270 614 1333 Ciboria
629 1270 728 1350 exple
743 1295 751 1346 ;
773 1270 884 1331 funde
905 1268 1090 1349 capacibus

517 1385 706 1465 Unguenta
715 1383 758 1447 de
769 1383 918 1447 conchis.
961 1383 1047 1462 Quis
1057 1383 1127 1445 udo

557 1500 796 1578 Deproperare
811 1499 892 1578 apio
906 1516 1052 1559 coronas

462 1611 627 1693 ‚Curatve
642 1617 780 1692 myrto?
802 1629 908 1691 quem
923 1612 1044 1673 Venus
1059 1612 1231 1674 arbitrum

477 1726 578 1787 Dicet
592 1726 756 1788 bibendi?
799 1726 877 1786 Non
894 1744 960 1804 ego
974 1725 1092 1787 sanius

517 1839 714 1901 Bacchabor
735 1840 886 1901 Edonis:
909 1845 1051 1918 recepto

557 1953 666 2014 Dulce
680 1953 766 2014 mihi
781 1954 900 2014 furere
917 1959 969 2014 est
990 1953 1110 2016 amico,

704 2222 1020 2230 ————

766 2370 853 2438 Sar.
876 2389 906 2436 2.
954 2371 981 2437 Ι.

167 2493 169 2497 ’
279 2512 297 2541 “
312 2507 410 2570 Suur
425 2507 551 2587 quibus
567 2508 603 2569 in
618 2509 725 2570 satira
740 2508 861 2571 videor
869 2508 975 2570 nimis
990 2526 1069 2569 acer
1084 2515 1120 2569 et
1134 2508 1228 2568 ultra

278 2622 411 2703 Legem
425 2622 568 2683 tendere
583 2642 670 2702 opus
686 2647 693 2698 ;
716 2622 793 2684 sine
808 2622 927 2685 nervis
947 2622 1058 2684 altera
1072 2621 1241 2701 quidquid

278 2736 463 2816 Composui
476 2753 555 2816 pars
569 2754 643 2799 esse
657 2742 768 2815 putat,
785 2735 986 2816 similesque
998 2715 1161 2797 'meorum

278 2849 373 2913 Mille
388 2850 444 2912 die
465 2867 584 2914 versus
604 2849 728 2912 deduci
743 2868 854 2930 posse.
898 2849 1051 2929 Trebati,

277 2964 370 3043 Quid
379 2964 504 3026 faciam
522 2964 750 3044 praescribe.’'
797 2966 815 2996 “
830 2964 1027 3042 Quiescas.”
1078 2964 1163 3025 “Ne
1179 2963 1315 3040 faciam,
1331 2964 1456 3043 inquis,

277 3078 429 3140 Omnino
442 3080 619 3141 versus?'’
663 3078 792 3140 “Aia'’
837 3081 855 3111 “
871 3079 1017 3138 Peream
1031 3079 1124 3138 male
1138 3077 1167 3138 si
1182 3094 1252 3138 non

277 3193 455 3272 Optimum
466 3199 563 3255 erat:
585 3210 708 3254 verum
722 3211 858 3273 nequeo
873 3191 1058 3254 dormire.”
1093 3193 1112 3233 *
1153 3189 1173 3224 4*
1214 3189 1234 3224 4*

277 3305 296 3340 4*
337 3309 355 3350 *
396 3308 415 3348 4*
433 3293 435 3298 ’
458 3309 475 3359 *4
490 3305 672 3386 Cupidum,
688 3313 788 3386 pater
802 3306 943 3386 optime,
959 3305 1054 3367 vires

279 3419 474 3484 Deficiunt:
516 3418 535 3453 44
576 3418 596 3453 4*
637 3418 657 3453 4*

278 3534 297 3569 4*
419 3533 438 3568 4*
559 3532 578 3567 4
702 3534 720 3572 4*
844 3536 862 3566 4*
878 3531 983 3595 Haud
996 3531 1083 3595 mihi
1095 3532 1201 3594 deero

233 3618 267 3678 ¹⁷
279 3648 366 3710 Cum
381 3666 437 3710 res
451 3647 526 3728 ipsa
539 3647 640 3710 feret.
683 3647 760 3708 Nisi
775 3647 901 3709 dextro
912 3654 1070 3727 tempore
1087 3646 1201 3707 Flacci

277 3762 395 3824 Verba
402 3780 466 3842 per
479 3767 650 3824 attentam
665 3780 735 3822 non
749 3761 852 3823 ibunt
868 3761 1027 3824 Caesaris
1041 3778 1173 3838 aurem,

280 3876 344 3939 Cui
356 3876 447 3938 male
461 3876 490 3938 si
496 3876 636 3956 palpere
647 3875 846 3938 recalcitrat
859 3876 1012 3956 undique
1026 3877 1155 3937 tutus.'’

435 3989 454 4024 st
575 3989 594 4024 st
716 3989 735 4024 st
857 3988 877 4023 ἃ
1000 3989 1018 4024 ’le
1140 3987 1159 4022 Ue
1282 3987 1300 4022 *Ιε
