3509 5750
824 665 876 723 158

345 838 518 903 Convivas
531 838 650 901 avidos
664 855 806 900 coenam
818 856 1007 919 servosque
1021 838 1187 901 timentes

344 956 434 1016 Tum
444 971 576 1033 rapere,
591 960 696 1033 atque
708 971 828 1015 omnes
842 953 1061 1034 restinguere
1077 954 1166 1017 velle
1181 952 1325 1017 videres,

344 1067 471 1147 Incipit
485 1085 529 1128 ex
542 1066 602 1127 illo
616 1073 752 1128 montes
767 1066 898 1147 Apulia
911 1075 1012 1129 notos

344 1181 528 1243 Ostentare
537 1179 633 1258 mihi,
649 1198 735 1260 quos
750 1187 862 1243 torret
876 1182 1051 1244 Atabulus
1062 1190 1098 1244 et
1113 1200 1199 1262 quos

345 1296 534 1375 Nunquam
545 1311 748 1374 erepsemus
762 1295 829 1358 nisi
843 1314 908 1358 nos
922 1296 1039 1358 vicina
1053 1296 1186 1358 Trivici

344 1409 437 1471 Villa
447 1408 645 1488 recepisset,
655 1408 835 1471 lacrimoso
850 1427 922 1471 non
937 1409 1013 1472 sine
1028 1413 1135 1489 fumo,

344 1522 440 1585 Udos
455 1541 533 1584 cum
548 1521 642 1584 foliis
653 1540 769 1584 ramos
790 1531 914 1585 urente
933 1524 1078 1587 camino.

345 1638 412 1699 Hic
427 1656 492 1718 ego
506 1634 711 1698 mendacem
726 1637 954 1700 stultissimus
969 1657 1078 1719 usque
1094 1638 1246 1719 puellam

345 1752 399 1815 Ad
416 1751 565 1813 mediam
575 1757 713 1812 noctem
728 1760 913 1832 exspecto:
1037 1753 1055 1787 ⁴*
1178 1752 1196 1786 ⁴*

417 1866 436 1901 '¹'
562 1866 581 1901 ’¹'
707 1866 726 1901 ’ἓ
849 1866 867 1900 ἕ
990 1868 1009 1902 te
1133 1867 1152 1902 a
1274 1866 1292 1900 a

344 1950 515 2030 Quattuor
529 1949 609 2010 hinc
623 1949 779 2029 rapimur
795 1948 922 2029 viginti
936 1955 972 2010 et
986 1948 1095 2010 millia
1109 1948 1235 2026 rhedis,

345 2064 500 2127 Mansuri
516 2063 681 2143 oppidulo
693 2063 785 2142 quod
799 2081 902 2125 versu
918 2063 1033 2125 dicere
1050 2070 1198 2142 nonest,

345 2179 462 2259 Signis
475 2177 642 2258 perfacile
654 2185 725 2239 est:
748 2178 846 2239 venit
859 2177 1030 2239 vilissima
1043 2196 1160 2239 rerum

346 2294 414 2354 Hic
429 2310 538 2372 aqua;
563 2290 625 2352 sed
636 2291 736 2370 panis
751 2290 855 2371 longe
871 2291 1134 2371 pulcherrimus,
1150 2292 1242 2353 ultra

346 2407 498 2471 Callidus
511 2413 550 2467 ut
565 2404 675 2467 soleat
687 2405 842 2466 humeris
856 2416 998 2485 portare
1011 2406 1124 2467 viator
1138 2430 1146 2483 3

346 2524 436 2583 Nam
447 2521 573 2584 Canusi
586 2519 769 2598 lapidosus,
785 2538 895 2600 aquae
906 2539 976 2581 non
989 2520 1092 2582 ditior
1105 2539 1194 2581 urna

346 2636 413 2716 Qui
434 2637 529 2698 locus
544 2656 564 2697 a
577 2636 662 2698 forti
676 2635 844 2696 Diomede
858 2641 912 2697 est
933 2634 1092 2697 conditus
1107 2636 1200 2698 olim.

346 2751 528 2812 Flentibus
541 2750 623 2811 hinc
637 2748 766 2811 Varius
779 2748 929 2811 discedit
945 2756 1097 2811 maestus
1113 2749 1241 2812 amicis

347 2865 432 2927 Inde
449 2865 570 2928 Rubos
581 2864 664 2928 fessi
679 2863 912 2945 pervenimus,
928 2871 1048 2944 utpote
1063 2864 1207 2944 longum

347 2980 538 3059 Carpentes
552 2981 621 3041 iter
635 2987 670 3042 et
684 2980 817 3041 factum
832 2979 1031 3059 corruptius
1046 2979 1160 3041 imbri.
