3509 5750
923 685 960 741 96

335 858 544 939 Oblitusque
560 876 718 920 meorum
734 857 994 920 obliviscendus
1010 866 1045 919 et
1060 858 1130 920 illis

288 993 325 1031 10
335 977 538 1056 Neptunum
550 974 700 1053 procule
716 978 811 1033 terra
826 980 985 1052 spectare
999 973 1184 1035 furentem.

334 1091 402 1153 Sed
417 1107 530 1169 neque
542 1088 603 1168 qui
618 1087 738 1167 Capua
753 1088 903 1148 Romam
918 1087 1007 1167 petit
1021 1089 1133 1149 imbre
1148 1089 1295 1167 lutoque

333 1205 530 1285 Adspersus
545 1203 638 1265 volet
652 1202 689 1264 iu
705 1221 861 1283 caupona
872 1202 990 1265 vivere
1004 1228 1012 1280 ;
1027 1223 1092 1265 nec
1108 1204 1167 1283 qui

334 1319 459 1399 Frigus
473 1317 615 1397 collegit
629 1317 751 1378 furnos
766 1324 800 1379 et
812 1318 939 1379 balnea
953 1318 1075 1379 laudat

334 1434 382 1494 Ut
396 1433 613 1494 fortunatam
626 1431 730 1510 plene
745 1430 959 1510 praestantia
973 1431 1093 1493 vitam,

287 1547 407 1614 15Nec
422 1546 449 1607 si
464 1553 500 1607 te
514 1544 651 1607 validus
665 1544 851 1623 jactaverit
866 1544 996 1607 Auster
1009 1546 1046 1606 in
1059 1546 1138 1622 alto,

334 1660 464 1722 Idcirco
479 1678 605 1721 navem
620 1666 719 1719 trans
734 1657 916 1739 Aegaeum
930 1678 1026 1721 mare
1040 1657 1180 1721 vendas.

334 1773 504 1836 Incolumi
520 1772 661 1833 Rhodos
676 1780 712 1833 et
728 1773 897 1851 Mytilene
912 1773 1057 1853 pulchra
1071 1773 1158 1835 tacit
1170 1774 1262 1852 quod

334 1887 484 1948 Paenula
495 1886 653 1964 solstiti0,
670 1892 864 1965 campestre
881 1886 1056 1948 nivalibus
1071 1886 1174 1963 auris,

333 1999 399 2061 Per
412 2002 572 2061 brumam
587 1999 732 2075 Tiberis,
750 1999 874 2061 Sextili
887 2018 1008 2062 mense
1024 2000 1188 2061 caminus,

286 2136 323 2175 20
334 2115 426 2174 Dum
440 2115 521 2175 licet
536 2132 575 2175 ac
589 2114 726 2176 vultum
743 2121 860 2176 servat
875 2113 1030 2175 Fortuna
1044 2114 1249 2194 benignum,

334 2228 466 2289 Romae
479 2227 643 2288 laudetur
659 2227 781 2289 Samos
796 2234 831 2288 et
846 2227 950 2289 Chios
964 2235 999 2290 et
1014 2227 1156 2289 Rhodos
1170 2228 1303 2289 absens.

333 2342 387 2401 Tu
402 2358 642 2420 quamcunque
654 2339 740 2401 deus
754 2340 818 2401 tibi
833 2339 1067 2403 fortunaverit
1082 2341 1203 2401 horam

333 2455 440 2517 Grata
453 2473 550 2517 sume
565 2473 680 2533 manu,
696 2473 765 2515 neu
779 2454 895 2515 dulcia
909 2454 1014 2517 differ
1024 2456 1061 2516 in
1077 2473 1219 2533 annum,

333 2569 383 2630 Ut
397 2585 601 2649 quocunque
615 2568 689 2629 loco
704 2568 814 2629 fueris
828 2568 957 2629 vixisse
967 2569 1118 2631 libenter

285 2696 320 2756 25
332 2683 383 2744 Te
397 2681 504 2756 dicas;
518 2700 600 2742 nam
615 2681 644 2742 si
659 2682 749 2743 ratio
764 2689 798 2743 et
814 2682 1001 2761 prudentia
1016 2701 1125 2761 curas,

333 2796 412 2857 Non
426 2796 522 2857 locus
535 2795 637 2857 effusi
650 2795 721 2857 late
735 2796 840 2857 maris
854 2797 987 2858 arbiter
1001 2797 1125 2878 aufert,

332 2885 476 2974 Caelum·
488 2929 557 2972 non
573 2911 729 2972 animum
743 2918 881 2973 mutant
897 2912 957 2992 qui
972 2919 1067 2973 trans
1083 2929 1180 2972 mare
1193 2919 1346 2974 currunt.

332 3024 479 3086 Strenua
492 3041 555 3084 nos
569 3031 710 3085 exercet
722 3025 861 3088 inertia:
884 3026 1034 3088 navibus
1049 3032 1154 3105 atque

332 3137 517 3218 Quadrigis
530 3138 681 3217 petimus
696 3139 784 3200 bene
800 3138 929 3202 vivere,
973 3139 1075 3218 Quod
1084 3139 1177 3218 petis
1191 3137 1247 3198 hic
1262 3145 1324 3215 est,

283 3279 323 3336 30
333 3253 396 3314 Est
412 3251 566 3328 Ulubris,
583 3253 720 3314 animus
734 3253 764 3314 si
778 3261 814 3314 te
828 3271 903 3314 non
918 3253 1036 3315 deficit
1051 3270 1194 3333 aequus.
