3509 5750
940 709 975 767 76

791 880 974 951 CARM.1.
1024 881 1109 948 VIL

513 1014 532 1047 Ur
653 1015 672 1048 Ur
794 1016 813 1049 Ur
935 1017 954 1050 Ur
1076 1018 1095 1051 Ur
1217 1019 1236 1052 Ur
1359 1021 1378 1054 {e

312 1138 349 1177 10
561 1113 617 1173 Mu
632 1131 695 1175 nec
710 1121 782 1174 tarn
796 1116 933 1196 patiens
949 1116 1189 1178 Lacedaemon

520 1227 594 1288 Nec
607 1235 679 1288 tam
696 1229 855 1291 Larissae
869 1230 1041 1308 percussit
1055 1250 1197 1311 campus
1211 1233 1356 1313 opimae,

559 1342 672 1420 Quam
686 1342 810 1404 domus
825 1344 1011 1406 Albuneae
1025 1349 1221 1409 resonantis

519 1456 565 1516 Et
579 1474 744 1536 praeceps
759 1456 853 1518 Anio
868 1477 909 1519 ac
923 1458 1074 1519 Tiburni
1088 1460 1186 1522 lucus
1201 1469 1237 1523 et
1251 1461 1322 1522 uda

560 1569 749 1632 Mobilibus
764 1572 921 1650 pomaria
936 1571 1030 1633 rivis

862 2083 1032 2149 Eron.1.

556 2238 624 2297 Ims
639 2236 803 2299 Liburnis
818 2236 910 2299 inter
931 2239 1002 2299 alta
1016 2238 1169 2318 navium,

595 2351 727 2430 Amice,
743 2353 1015 2433 propugnacula,

556 2466 701 2527 Paratus
715 2484 816 2528 omne
828 2467 984 2529 Caesaris
998 2467 1190 2546 periculum

596 2579 729 2657 Subire,
748 2580 941 2659 Maecenas,
956 2588 1025 2643 tuo,

506 2760 525 2796 ’k
647 2759 666 2795 {e
788 2759 808 2795 {e
930 2761 949 2794 'k
1070 2760 1089 2796 ’k
1211 2764 1230 2797 Ur
1352 2765 1371 2798 n

306 2933 321 2972 2
324 2933 342 2990 3
553 2893 719 2955 Libenter
732 2894 798 2955 hoc
812 2900 847 2954 et
862 2913 965 2956 omne
979 2894 1188 2958 militabitur

594 3008 730 3069 Bellum
744 3007 782 3068 in
796 3015 877 3069 tuae
893 3026 992 3087 spem
1007 3009 1152 3089 gratiae,

553 3122 631 3183 Non
647 3129 685 3183 ut
698 3121 855 3200 juvencis
870 3122 1006 3202 illigata
1025 3123 1185 3202 pluribus
1267 3196 1270 3204 ,

591 3236 719 3297 Aratra
734 3235 890 3298 nitantur
904 3255 991 3315 mea,

551 3350 703 3412 Pecusve
718 3349 874 3414 Calabris
889 3357 971 3412 ante
985 3351 1081 3412 sidus
1095 3351 1271 3414 fervidum

591 3465 733 3526 Lucana
746 3471 859 3526 mutet
873 3465 1016 3544 pascuis,
1063 3479 1067 3485 ·

551 3581 674 3659 Neque
688 3587 727 3641 ut
742 3579 884 3659 superni
898 3579 982 3641 villa
997 3580 1149 3642 candens
1164 3581 1307 3643 Tusculi

589 3694 730 3757 Circaea
743 3702 867 3775 tangat
883 3695 1031 3757 moenia.

550 3808 640 3872 Satis
654 3827 827 3889 superque
841 3827 899 3870 me
912 3809 1114 3888 benignitas
1128 3817 1190 3871 tua

590 3923 736 3985 Ditavit:

800 4335 981 4405 Ernn.1.
1031 4336 1077 4402 X,

428 4508 544 4585 Uarus,
561 4513 749 4568 amatorem
765 4506 916 4567 Fuscum
932 4506 1065 4579 salvere
1079 4506 1242 4585 jubemus

428 4621 533 4684 Ruris
547 4627 729 4698 amatores,
744 4619 809 4680 hac
823 4619 860 4681 in
875 4638 913 4680 re
929 4619 1060 4682 scilicet
1070 4639 1140 4681 una

427 4736 578 4800 Multum
593 4734 789 4814 dissimiles,
806 4733 849 4798 ad
864 4741 1004 4800 caetera
1018 4753 1128 4816 paene
1143 4734 1298 4816 gemelli;
