3509 5750
852 687 889 751 el

643 860 769 932 CARM.
800 882 826 928 1.
873 861 1093 929 XXXVIII.

519 1015 680 1077 Perseos
701 1015 767 1093 odi,
783 1034 882 1095 puer,
898 1023 1091 1096 apparatus,

518 1130 712 1209 Displicent
727 1148 838 1191 nexae
854 1131 993 1211 philyra
1007 1150 1171 1208 coronae3

518 1244 620 1305 Mitte
635 1244 761 1306 sectari
776 1263 856 1307 rosa
870 1264 939 1325 quo
953 1246 1109 1308 locorum

558 1357 645 1419 Sera
658 1365 823 1421 moretur.

519 1471 673 1551 Simplici
688 1479 803 1551 myrto
817 1472 906 1534 nihil
917 1474 1088 1536 allabores

518 1586 665 1647 Sedulus
680 1604 773 1649 curo:
794 1605 908 1667 neque
923 1595 959 1649 te
973 1589 1171 1650 ministrum

519 1699 672 1762 Dedecet
687 1708 820 1780 myrtus
835 1720 949 1782 neque
964 1721 1021 1763 me
1036 1702 1100 1764 sub
1115 1710 1192 1764 arta

556 1815 638 1876 Vite
658 1814 847 1878 bibentem.

745 2064 871 2135 CARM.
892 2085 921 2149 3.
969 2066 995 2136 Ι.

478 2202 546 2264 01)]
560 2202 747 2281 profanum
762 2202 890 2282 vulgus
904 2210 940 2265 et
954 2222 1069 2279 arceo;

479 2317 610 2379 Favete
624 2316 767 2395 linguis:
797 2317 953 2378 carmina
967 2336 1038 2379 non
1052 2318 1150 2397 prius

518 2432 651 2494 Audita
666 2433 844 2494 Musarum
859 2434 1019 2496 sacerdos

558 2548 764 2628 Virginibus
785 2548 972 2629 puerisque
987 2556 1100 2611 canto.

538 2663 557 2697 Ἄ·
678 2662 697 2696 ’k
819 2662 838 2696 'k
960 2662 978 2696 Ἰε
1101 2663 1120 2697 'k
1242 2663 1260 2697 Ἰε

478 2760 665 2822 Districtus
678 2760 770 2821 ensis
781 2761 836 2822 cui
851 2778 956 2841 super
969 2761 1077 2839 impia

477 2876 616 2938 Cervice
631 2874 763 2967 pendet
776 2894 849 2937 non
865 2875 1002 2938 Siculae
1018 2876 1127 2955 dapes
1194 2932 1196 2934 ,

518 2991 664 3053 Dulcem
679 2989 909 3051 elaborabunt
923 3008 1092 3070 saporem,

559 3105 638 3167 Non
653 3106 769 3168 avium
785 3104 1008 3185 citharaeque
1023 3112 1147 3166 cantus

477 3220 644 3304 Somnum
665 3219 841 3304 reducent.
886 3218 1034 3281 Somnus
1058 3221 1250 3298 agrestium

478 3334 582 3397 Lenis
597 3334 751 3396 virorum
765 3352 836 3394 non
851 3333 1002 3395 humiles
1017 3332 1138 3396 domos

517 3448 665 3510 Fastidit
682 3449 951 3530 umbrosamque
966 3448 1087 3527 ripam,

538 3644 542 3650 Ι
559 3563 638 3625 Non
652 3561 819 3642 Zephyris
840 3563 972 3642 agitata
986 3563 1127 3642 Tempe.

537 3677 555 3711 Ἰε
678 3676 696 3710 'k
818 3675 837 3709 ’k
959 3676 979 3709 ἃ·
1100 3676 1120 3709 ἃ·
1242 3677 1261 3711 ’k

476 3776 495 3810 *
617 3774 636 3808 ³*
758 3773 776 3807 *
860 3773 930 3835 Sed
944 3774 1064 3834 Timor
1080 3781 1116 3835 et
1131 3775 1248 3836 Minae

478 3889 657 3953 Scandunt
670 3888 794 3949 eodem
809 3906 879 3968 quo
893 3887 1064 3967 dominus,
1079 3907 1194 3968 neque
1264 3877 1266 3881 ’

516 4003 663 4064 Decedit
674 4009 793 4064 aerata
807 4002 955 4080 triremi,
970 4008 1007 4063 et

558 4118 640 4179 Post
654 4117 808 4197 equitem
823 4116 922 4177 sedet
937 4123 1013 4178 atra
1026 4115 1126 4179 Cura.

476 4232 607 4312 Quodsi
622 4232 797 4293 dolentem
820 4249 885 4291 nec
901 4230 1074 4310 Phrygius
1088 4231 1176 4311 lapis

476 4349 549 4410 Nec
567 4365 802 4427 purpurarum
817 4346 932 4408 sidere
947 4346 1075 4407 clarior

517 4462 658 4523 Delenit
673 4480 755 4523 usus
770 4479 835 4521 nec
851 4461 1001 4522 Falerna

555 4576 649 4638 Vitis
663 4575 1008 4655 Achaemeniumque
1023 4582 1157 4637 costum
