3509 5750
911 662 947 717 30

775 832 898 901 Enisa.
922 852 949 902 1.
999 833 1063 902 IV.

493 1002 512 1037 4
633 1001 652 1036 4
774 1000 793 1035 4
914 1001 933 1035 4
1055 1002 1074 1037 4
1195 1004 1214 1037 4
1337 1003 1356 1038 4

414 1152 510 1212 Inter
524 1169 622 1230 spem
638 1168 834 1229 curamque,
850 1150 993 1212 timores
1007 1150 1099 1213 inter
1110 1159 1145 1214 et
1159 1152 1237 1230 iraS,

413 1266 562 1327 Omnem
577 1263 677 1325 crede
694 1263 786 1324 diem
797 1264 863 1326 tibi
878 1264 1043 1327 diluxisse
1058 1284 1272 1345 supremum:

413 1379 520 1442 Grata
534 1368 756 1458 superveniet
767 1397 856 1459 quae
871 1397 942 1438 non
957 1379 1151 1458 sperabitur
1164 1381 1260 1442 hora.

414 1494 471 1554 Me
485 1481 653 1572 pinguem
669 1500 702 1555 et
716 1491 866 1554 nitidum
882 1493 970 1554 bene
987 1500 1105 1555 curata
1120 1501 1198 1556 cute
1213 1495 1306 1557 vises

413 1606 501 1669 Cum
516 1606 628 1668 ridere
643 1608 739 1668 voles
755 1607 897 1686 Epicuri
912 1606 955 1668 de
969 1626 1077 1688 grege
1089 1626 1239 1688 porcum.

793 1933 915 2002 Enisa.
936 1953 965 1999 2.
1014 1934 1060 2003 ΙΙ.

486 2120 505 2155 st
626 2122 645 2163 ss
766 2122 785 2163 ss
907 2120 926 2154 4
1048 2119 1067 2153 4
1189 2120 1208 2154 4
1328 2122 1348 2163 *

413 2268 494 2331 Dixi
508 2288 563 2330 me
577 2269 719 2348 pigrum
733 2268 964 2348 proficiscenti
979 2268 1053 2346 tibi,
1071 2268 1144 2330 dixi

412 2384 558 2445 Talibus
573 2383 692 2444 officiis
706 2402 813 2462 prope
830 2400 1004 2460 mancum,
1019 2402 1063 2444 ne
1078 2402 1156 2444 mea
1170 2401 1296 2446 saevus

411 2499 576 2580 Jurgares
590 2497 633 2558 ad
651 2504 686 2558 te
701 2497 793 2577 quod
811 2497 958 2576 epistola
971 2498 1070 2559 nulla
1084 2497 1224 2560 rediret.

412 2611 504 2691 Quid
518 2620 593 2673 tum
607 2611 740 2690 profeci
755 2629 891 2672 mecum
906 2611 1073 2673 facientia
1085 2613 1165 2690 jura

412 2726 447 2788 Si
461 2734 578 2787 tamen
594 2729 766 2786 attentas?
808 2724 972 2802 Quereris
987 2742 1092 2804 super
1104 2726 1170 2787 hoc
1185 2725 1301 2800 etiam,
1318 2727 1410 2806 quod

411 2842 621 2920 Exspectata
636 2838 699 2901 tibi
713 2857 784 2901 non
798 2839 938 2901 mittam
953 2839 1109 2902 carmina
1122 2840 1282 2904 mendax.

483 2986 502 3020 4
623 2985 642 3020 4
763 2986 782 3021 4
904 2986 923 3019 4
1044 2986 1064 3020 4
1185 2986 1204 3021 4
1326 2986 1345 3020 4

411 3099 542 3160 Romae
555 3097 682 3160 nutriri
697 3098 782 3159 mihi
797 3098 955 3179 contigit,
972 3105 1077 3179 atque
1092 3098 1209 3160 doceri

411 3213 525 3274 Iratus
540 3212 654 3274 Graiis
669 3220 837 3293 quantum
853 3213 1030 3275 nocuisset
1045 3213 1208 3276 Achilles.

408 3326 582 3406 Adjecere
596 3327 709 3388 bonae
723 3328 827 3407 paulo
841 3328 919 3407 plus
934 3328 1019 3390 artis
1037 3328 1208 3407 Athenae,

411 3441 547 3504 Scilicet
561 3449 600 3504 ut
614 3442 742 3503 vellem
758 3460 865 3503 curvo
879 3440 1085 3522 dignoscere
1100 3450 1245 3520 rectum,

409 3555 527 3635 Atque
541 3555 635 3618 inter
648 3555 754 3618 silvas
768 3555 939 3617 Academi
956 3574 1124 3637 quaerere
1137 3575 1269 3619 verum.
