3509 5750
903 675 940 732 20

411 846 488 925 Quo
503 846 604 927 pueri
618 846 756 927 magnis
771 866 790 909 e
805 847 1071 910 centurionibus
1085 848 1161 926 orti,

411 962 527 1023 Laevo
542 962 701 1043 suspensi
715 961 846 1024 loculos
860 961 1088 1043 tabulamque
1102 962 1242 1039 lacerto,

411 1075 515 1137 Ibant
529 1076 662 1139 octonis
676 1077 870 1139 referentes
886 1076 1006 1138 Idibus
1021 1096 1114 1140 aera:

387 1264 389 1270 s
410 1189 477 1253 Sed
490 1181 638 1271 puerum
653 1198 707 1252 est
721 1208 825 1253 ausus
841 1192 992 1253 Romam
1006 1198 1146 1271 portare
1162 1190 1355 1253 docendum

410 1307 514 1368 Artes
532 1324 617 1385 quas
632 1306 754 1367 doceat
768 1306 884 1387 quivis
899 1323 1006 1386 eques
1017 1313 1121 1385 atque
1136 1312 1278 1367 senator

410 1420 528 1482 Semet
541 1426 740 1500 prognatos,
782 1420 928 1481 Vestem
944 1437 1133 1499 servosque
1148 1426 1341 1499 sequentes,

411 1534 451 1595 In
467 1552 593 1613 magno
608 1541 647 1595 ut
661 1512 799 1614 populq
813 1534 843 1596 si
857 1534 918 1614 qui
932 1533 1087 1610 vidisset,
1103 1534 1197 1595 avita

411 1649 466 1710 Ex
479 1667 516 1709 re
532 1648 691 1728 praeberi
703 1657 863 1728 sumptus
875 1648 962 1710 mihi
976 1648 1133 1710 crederet
1147 1647 1235 1711 illos,

411 1762 490 1841 Ipse
505 1762 591 1823 mihi
606 1770 719 1824 custos
736 1762 1060 1842 incorruptissimus
1074 1780 1195 1824 omnes

411 1875 550 1938 Circum
564 1877 723 1939 doctores
738 1878 868 1939 aderat.
912 1876 1004 1955 Quid
1019 1878 1150 1940 multa?
1192 1876 1368 1952 Pudicum,

410 1990 478 2069 Qui
493 1990 626 2070 primus
640 1991 781 2052 virtutis
795 1991 916 2069 honos
932 1991 1087 2053 servavit
1101 1993 1145 2054 ab
1159 1992 1254 2054 omni

411 2105 493 2165 Non
508 2105 623 2166 solum
639 2104 735 2165 facto
749 2124 873 2166 verum
890 2105 1077 2184 opprobrio
1088 2124 1226 2185 quoque
1241 2105 1348 2184 turpi3

413 2219 486 2280 Nec
500 2218 621 2280 timuit
635 2218 704 2280 sibi
717 2238 762 2279 ne
775 2219 864 2281 vitio
879 2219 957 2299 quis
972 2226 1125 2281 verteret
1140 2219 1223 2280 olim

410 2331 448 2394 Si
462 2351 586 2411 praeco
600 2350 727 2411 parvas
742 2339 811 2411 aut,
828 2340 867 2395 ut
882 2333 951 2395 fuit
964 2334 1049 2414 ipse,
1065 2339 1203 2395 coactor

411 2447 588 2508 Mercedes
598 2464 775 2527 sequerer;
791 2466 906 2527 neque
919 2468 984 2528 ego
996 2467 1106 2510 essem
1120 2454 1276 2528 questus:
1289 2453 1324 2508 at
1334 2447 1400 2507 hoc
1411 2463 1506 2506 nunc

411 2561 504 2623 Laus
519 2560 571 2622 illi
586 2560 736 2623 debetur
751 2569 787 2623 et
801 2581 821 2622 a
836 2581 892 2623 me
906 2563 1020 2642 gnatia
1034 2562 1157 2641 major.

410 2675 470 2736 Nil
483 2694 540 2736 me
555 2675 735 2755 poeniteat
750 2694 874 2736 sanum
889 2676 999 2755 patris
1013 2677 1126 2755 hujus,
1143 2693 1254 2754 eoque

411 2791 500 2868 Non,
515 2797 555 2852 ut
568 2809 698 2870 magna
713 2790 792 2852 dolo
808 2792 942 2852 factum
957 2798 1066 2871 negat
1081 2808 1157 2852 esse
1172 2807 1234 2851 suo
1248 2806 1330 2870 pars

410 2906 510 2985 Quod
523 2924 594 2968 non
607 2907 780 2986 ingenuos
793 2906 921 2967 habeat
935 2907 1114 2987 clarosque
1129 2911 1302 2986 parentes,

411 3019 469 3089 Sic
482 3038 538 3080 me
553 3019 749 3080 defendam.
792 3019 915 3099 Longe
930 3038 1009 3081 mea
1024 3021 1198 3104 discrepat
1212 3018 1289 3080 istis

411 3135 457 3195 Et
468 3152 536 3194 vox
546 3140 583 3195 et
597 3132 697 3195 ratio:
720 3151 802 3193 nam
817 3133 846 3194 si
860 3141 989 3194 natura
1001 3113 1141 3212 juberet¹

412 3248 443 3309 A
458 3247 562 3309 certis
576 3246 676 3307 annis
691 3265 816 3308 aevum
832 3265 988 3308 remeare
1003 3254 1181 3327 peractum

408 3363 526 3442 Atque
538 3360 624 3422 alios
638 3361 754 3440 legere
769 3361 813 3422 ad
827 3361 957 3423 fastum
973 3379 1197 3442 quoscunque
1211 3364 1374 3439 parentes
