3509 5750
905 678 940 732 18

410 836 495 917 Jure
510 834 598 897 mihi
619 834 774 896 invideat
790 832 904 915 quivis
920 834 969 895 ita
983 840 1019 895 te
1033 851 1170 913 quoque
1185 833 1343 908 amicum,

412 949 622 1012 Praesertim
637 956 777 1010 cautum
792 949 920 1028 dignos
935 966 1121 1026 assumere,
1137 966 1245 1027 prava

411 1063 617 1125 Ambitione
631 1063 761 1142 procul.
806 1063 958 1124 Felicem
975 1061 1089 1122 dicere
1103 1079 1174 1122 non
1189 1061 1256 1122 hoc

412 1178 469 1239 Me
482 1195 623 1257 possum
638 1195 719 1239 casu
734 1177 826 1257 quod
840 1184 875 1238 te
891 1176 1038 1238 sortitus
1054 1175 1219 1250 amicum余

412 1292 445 1353 N
447 1292 518 1353 ulla
527 1292 657 1353 etenim
673 1291 759 1352 mihi
774 1299 809 1353 te
823 1291 897 1353 fors
912 1289 1051 1353 obtulit:
1075 1289 1229 1367 optimus
1244 1289 1327 1350 olim

412 1405 589 1484 Virgilius,
605 1405 791 1485 posthunc
806 1406 934 1467 Varius
949 1405 1068 1465 dixere
1084 1403 1165 1483 quid
1180 1421 1302 1465 essem.

412 1521 462 1580 Ut
475 1520 555 1581 veni
570 1538 684 1581 coram
701 1519 883 1600 singultim
897 1537 1009 1598 pauca
1022 1517 1167 1594 locutus

412 1633 534 1695 Infans
547 1652 698 1714 namque
712 1632 824 1712 pudor
839 1631 1050 1713 prohibebat
1065 1632 1166 1712 plura
1181 1632 1323 1711 profari,

413 1748 492 1808 Non
506 1766 572 1828 ego
586 1766 642 1808 me
657 1747 750 1808 claro
764 1754 885 1808 uatum
901 1753 1010 1825 patre,
1025 1764 1096 1807 non
1111 1764 1177 1825 ego
1192 1746 1321 1808 circum

414 1862 470 1923 Me
486 1860 690 1923 Satureiano
703 1862 835 1923 vectari
846 1879 929 1921 rura
943 1861 1087 1939 caba110,

413 1975 482 2038 Sed
496 1975 588 2055 quod
599 1994 694 2037 eram
709 1994 820 2046 narro.
866 1975 1071 2054 Respondes
1093 1981 1131 2036 ut
1147 1981 1227 2037 tuus
1242 1983 1295 2038 est
1309 1994 1385 2046 mos

413 2090 537 2152 Pauca:
561 2089 660 2164 abeo余
683 2096 719 2151 et
730 2107 873 2151 revocas
888 2107 981 2150 nono
996 2096 1074 2169 post
1089 2108 1208 2151 mense
1222 2090 1391 2170 jubesque

414 2204 498 2264 Esse
513 2203 549 2263 in
565 2204 754 2264 amicorum
771 2222 924 2266 numero.
971 2204 1139 2283 Magnum
1153 2204 1220 2266 hoc
1235 2223 1300 2285 ego
1315 2205 1404 2266 duco

413 2316 514 2396 Quod
527 2316 642 2396 placui
656 2317 720 2378 tibi
735 2318 795 2398 qui
809 2319 903 2397 turpi
919 2319 1071 2380 secernis
1084 2319 1281 2396 honestum,

413 2430 492 2492 Non
507 2437 607 2509 patre
622 2433 799 2509 praeclaro
814 2432 875 2493 sed
889 2433 962 2494 vita
977 2440 1012 2494 et
1028 2441 1168 2512 pectore
1184 2451 1281 2512 puro.

413 2544 523 2624 Atqui
546 2544 574 2606 si
589 2545 684 2607 vitiis
699 2544 931 2608 mediocribus
947 2567 985 2608 ac
1000 2566 1078 2608 mea
1092 2547 1211 2627 paucis

414 2658 582 2720 Mendosa
596 2666 650 2721 est
662 2668 790 2722 natura
805 2661 935 2743 alioqui
951 2669 1054 2740 recta,
1070 2663 1168 2724 velut
1183 2663 1212 2724 si

414 2772 567 2852 Egregio
578 2773 753 2853 inspersos
767 2775 1005 2856 reprehendas
1020 2795 1165 2857 corpore
1179 2795 1321 2853 naevos余

414 2886 451 2948 Si
465 2905 578 2967 neque
593 2889 775 2950 avaritiam
790 2908 903 2971 neque
918 2892 1036 2953 sordes
1051 2899 1113 2954 aut
1128 2893 1219 2954 mala
1233 2893 1345 2954 lustra

415 3002 566 3081 Objiciet
580 3021 663 3065 vere
678 3005 860 3085 quisquam
874 3006 968 3081 mihi,
984 3025 1092 3086 purus
1107 3014 1143 3069 et
1156 3008 1275 3069 insons

414 3116 480 3195 (Ut
493 3135 549 3178 me
564 3118 772 3198 collaudem)
788 3120 817 3181 si
832 3127 869 3181 et
883 3121 964 3182 vivo
979 3139 1078 3182 carus
1094 3122 1225 3195 amicis余

415 3229 526 3292 Causa
540 3231 608 3293 fuit
622 3239 721 3311 pater
734 3234 798 3312 his,
814 3235 874 3314 qui
889 3254 1006 3297 macro
1022 3254 1155 3316 pauper
1170 3237 1284 3315 agello

417 3344 538 3407 Noluit
552 3346 588 3407 in
604 3346 702 3409 Flavi
716 3345 837 3410 ludum
856 3368 912 3410 me
933 3349 1086 3429 mittere,
1102 3351 1222 3431 magni
