3509 5750
905 675 941 734 74

785 848 910 916 clun.
935 868 965 919 2.
1014 849 1078 916 Vl.

541 1007 691 1084 Sacrum,
708 1004 823 1067 Gades
838 1005 973 1066 aditure
988 1024 1125 1067 mecum
1142 1012 1176 1067 et

541 1122 754 1185 Cantabrum
769 1119 949 1181 indoctum
963 1120 1047 1200 juga
1061 1120 1154 1182 ferre
1169 1127 1287 1182 nostra
1302 1128 1337 1182 et

541 1237 712 1298 Barbaras
728 1234 849 1312 Syrtes
863 1234 924 1296 ubi
940 1235 1063 1296 Maura
1076 1254 1215 1314 semper

580 1347 729 1412 Aestuat
749 1348 851 1423 unda,
914 1348 921 1365 ‘

540 1464 652 1526 Tibur
667 1464 786 1543 Argeo
800 1462 954 1541 positum
969 1463 1093 1524 colono

542 1578 594 1641 Sit
608 1596 707 1639 meae
722 1576 821 1638 sedes
835 1577 970 1638 utinam
984 1586 1153 1655 senectae,

542 1694 595 1755 Sit
608 1692 732 1754 modus
744 1692 836 1753 lasso
851 1692 957 1752 maris
971 1699 1006 1754 et
1020 1692 1154 1754 viarum

583 1806 798 1886 Militiaeque
812 1811 818 1867 !
834 1836 838 1843 ·

541 1923 645 1984 Unde
660 1921 690 1983 si
706 1922 833 1983 Parcae
848 1921 1035 2001 prohibent
1049 1921 1198 2002 iniquae,

542 2037 653 2099 Dulce
666 2035 798 2115 pellitis
814 2035 938 2097 ovibus
954 2034 1093 2097 Galaesi

542 2152 691 2213 Flumen
705 2159 741 2212 et
755 2158 904 2231 regnata
918 2157 1036 2230 petam
1052 2150 1181 2212 Laconi

582 2266 678 2327 Rura
693 2265 897 2327 Phalantho,

540 2381 604 2441 Ille
617 2386 789 2441 terrarum
802 2380 889 2441 mihi
904 2385 1043 2459 praeter
1057 2397 1159 2440 omne

540 2494 701 2574 Angulus
714 2493 807 2555 ridet
821 2494 882 2555 ubi
897 2511 966 2554 non
983 2493 1153 2572 Hymetto

541 2609 646 2670 Mella
660 2608 834 2670 decedunt
848 2608 1019 2688 viridique
1041 2614 1151 2668 certat

580 2723 690 2783 Bacca
703 2723 870 2799 Venafro;

538 2837 610 2898 Ver
624 2836 685 2898 ubi
698 2836 843 2917 longum
857 2834 1063 2915 tepidasque
1078 2835 1223 2915 praebet

538 2951 700 3032 Juppiter
713 2951 863 3030 brumas,
879 2959 915 3013 et
929 2951 1061 3012 amicus
1075 2951 1193 3012 Aulon

540 3065 663 3126 Fertili
678 3065 813 3126 Baccho
825 3065 1010 3126 minimum
1026 3064 1183 3126 Falernis

582 3177 720 3240 Invidet
740 3168 828 3241 uvis.

540 3293 602 3353 Ille
618 3300 653 3353 te
666 3311 803 3354 mecum
817 3293 914 3355 locus
928 3300 963 3354 et
976 3292 1099 3355 beatae

541 3407 721 3468 Postulant
735 3425 842 3483 arces;
865 3408 915 3469 ibi
930 3415 968 3469 tu
980 3409 1153 3471 calentem

541 3520 669 3583 Debita
682 3540 824 3601 sparges
837 3521 980 3584 lacrima
993 3523 1150 3585 favillam

579 3636 678 3698 Vatis
692 3636 801 3698 amici.
