3509 5750
913 713 949 771 68

800 885 924 955 CARM.
948 906 975 956 1.
1025 886 1052 952 1.

495 1071 687 1136 Mrncnnas
701 1057 812 1136 atavis
827 1074 919 1135 edite
933 1074 1078 1154 regibus

492 1188 522 1248 O
537 1194 573 1249 et
587 1187 801 1267 praesidium
817 1194 853 1249 et
868 1188 970 1249 dulce
985 1188 1092 1249 decus
1103 1205 1229 1265 meum,

494 1301 582 1363 Sunt
608 1319 694 1381 quos
719 1301 892 1363 curriculo
912 1302 1095 1380 pulverem
1117 1301 1336 1380 Olympicum

491 1416 679 1497 Collegisse
700 1394 809 1495 juvat,
826 1423 990 1496 metaque
1006 1416 1153 1478 fervidis

493 1531 633 1592 Evitata
646 1530 741 1609 rotiS,
756 1530 944 1610 palmaque
959 1530 1096 1593 nobilis.

492 1644 680 1704 Terrarum
695 1643 855 1704 dominos
864 1643 984 1705 evehit
999 1644 1043 1704 ad
1060 1644 1163 1721 Deos,

492 1758 597 1818 Hunc
611 1758 640 1819 si
658 1757 842 1818 mobilium
857 1757 962 1818 turba
978 1758 1167 1836 Quiritium

451 1847 452 1852 ἵ
493 1872 612 1934 Certat
626 1870 829 1951 tergeminis
843 1871 966 1932 tollere
977 1871 1168 1934 honoribus
1182 1896 1189 1948 ;

494 1986 598 2046 Illum
613 1986 642 2048 si
658 1985 798 2065 proprio
814 1985 968 2047 condidit
982 1987 1108 2047 horreo

493 2098 670 2177 Quidquid
684 2098 728 2159 de
751 2098 893 2179 Libycis
907 2101 1061 2161 verritur
1076 2101 1175 2164 areis

492 2212 711 2274 Gaudentem
726 2212 857 2291 patrios
871 2212 1005 2275 findere
1027 2214 1162 2275 sarculo

491 2327 606 2407 Agros
620 2326 784 2389 Attalicis
799 2326 1058 2389 conditionibus

492 2441 682 2521 Nunquam
697 2440 886 2518 dimoveas,
904 2449 944 2503 ut
959 2443 1057 2503 trabe
1073 2442 1202 2521 Cypria

492 2552 669 2633 Myrtoum
681 2554 828 2634 pavidus
843 2563 950 2617 nauta
965 2564 1057 2618 secet
1071 2575 1175 2618 mare.

493 2670 703 2731 Luctantem
719 2668 840 2730 Icariis
853 2668 1019 2731 fluctibus
1033 2670 1196 2730 Africum

493 2784 666 2845 Mercator
676 2789 837 2844 metuens
851 2782 963 2844 otium
978 2791 1013 2845 et
1028 2784 1147 2863 oppidi

492 2899 628 2959 Laudat
641 2916 723 2958 rura
734 2897 788 2959 sui
801 2921 809 2973 3
833 2916 916 2958 mox
931 2898 1045 2960 reficit
1059 2906 1151 2961 rates

490 3012 640 3091 Quassas
651 3012 810 3075 indocilis
824 3013 1029 3092 pauperiem
1040 3014 1122 3093 pati.

490 3127 554 3189 Est
569 3127 628 3206 qui
641 3144 706 3187 nec
717 3127 849 3188 veteris
867 3127 995 3206 pocula
1010 3126 1151 3189 Massici

491 3240 565 3301 Nec
578 3248 711 3319 partem
727 3241 837 3302 solido
853 3242 997 3303 demere
1015 3240 1059 3302 de
1075 3241 1131 3301 die

491 3354 640 3434 Spernit,
656 3373 749 3416 nunc
763 3355 867 3417 viridi
883 3355 1044 3417 membra
1059 3355 1124 3416 sub
1139 3356 1264 3417 arbuto

491 3466 635 3544 Stratus,
651 3485 744 3528 nunc
758 3467 802 3528 ad
823 3486 934 3547 aquae
948 3468 1028 3529 lene
1044 3475 1151 3547 caput
1166 3486 1296 3530 sacrae.

490 3580 618 3642 Multos
632 3588 746 3643 castra
754 3582 877 3660 juvant
892 3589 929 3643 et
942 3582 1030 3644 lituo
1047 3583 1155 3644 tubae

490 3695 687 3757 Permixtus
698 3698 832 3758 sonitus
845 3695 1009 3777 bellaque
1024 3697 1196 3758 matribus

491 3810 679 3872 Detestata.
723 3810 842 3873 Manet
857 3810 922 3872 sub
933 3810 1020 3891 Jove
1035 3810 1165 3891 frigido

488 3923 643 3986 Venator
655 3932 797 3986 tenerae
811 3924 975 4005 conjugis
990 3925 1187 3998 immemor,

491 4038 560 4099 Seu
573 4037 642 4099 visa
652 4045 707 4099 est
720 4038 845 4099 catulis
863 4056 970 4099 cerva
992 4037 1165 4116 fidelibus,
1266 4123 1270 4129 Ι

492 4152 561 4214 Seu
573 4153 669 4234 rupit
678 4159 807 4214 teretes
823 4151 960 4213 Marsus
972 4170 1055 4232 aper
1069 4152 1203 4232 plagas,

491 4267 549 4328 Me
563 4267 744 4329 doctarum
751 4267 902 4328 hederae
913 4266 1071 4346 praemia
1092 4266 1270 4328 frontium
