3509 5750
848 705 886 760 60

710 874 834 942 CARM.
858 895 887 941 2.
935 876 1003 946 ΙΙΙ.

470 1030 624 1101 Auoulu
640 1036 815 1091 memento
830 1032 935 1092 rebus
950 1032 986 1093 in
1006 1032 1123 1094 arduis

471 1145 618 1208 Servare
633 1152 797 1221 mentem,
812 1165 884 1206 non
899 1164 999 1207 secus
1013 1148 1051 1208 in
1065 1147 1166 1208 bonis

509 1260 566 1320 Ab
580 1260 747 1321 insolenti
762 1267 994 1339 temperatam

549 1374 707 1451 Laetitia,
723 1375 893 1435 moriture
910 1375 1010 1452 Delli,

469 1490 537 1551 Seu
551 1496 705 1551 maestus
719 1489 814 1550 omui
829 1496 987 1568 tempore
1003 1491 1145 1568 vixeris,

469 1603 536 1665 Seu
552 1611 586 1664 te
601 1604 637 1664 in
652 1610 786 1665 remoto
800 1594 959 1683 gramine
974 1623 1036 1684 per
1050 1604 1125 1666 dies

509 1719 630 1779 Festos
644 1718 851 1779 reclinatum
865 1704 982 1780 b'earis

547 1833 717 1894 Interiore
732 1840 815 1893 nota
831 1833 977 1894 Falerni.

468 1948 546 2024 Quo
560 1948 663 2026 pinus
678 1948 802 2027 ingens
817 1948 966 2028 albaque
981 1949 1132 2028 populus

468 2062 637 2123 Umbram
651 2061 859 2141 hospitalem
875 2062 1072 2123 consociare
1088 2070 1206 2125 amant

511 2176 655 2237 Ramis?
697 2175 789 2255 Quid
803 2175 945 2255 obliquo
960 2177 1098 2237 laborat

549 2290 708 2369 Lympha
722 2290 830 2370 fugax
845 2289 1024 2369 trepidare
1040 2291 1141 2353 rivo?

468 2406 546 2465 Huc
561 2404 641 2465 vina
656 2411 691 2465 et
704 2412 886 2482 unguenta
900 2412 936 2465 et
951 2404 1101 2465 nimium
1116 2405 1242 2467 breves

467 2520 585 2580 Flores
599 2537 765 2579 amoenae
781 2518 872 2580 ferre
887 2519 970 2597 jube
986 2537 1097 2597 rosae,

507 2635 605 2702 Dum,
614 2651 670 2695 res
685 2639 721 2694 et
735 2640 832 2694 aetas
846 2640 883 2694 et
897 2651 1057 2695 sororum

549 2748 625 2808 Fila
638 2748 745 2808 trium
760 2747 942 2827 patiuntur
954 2755 1039 2809 atra.

465 2862 575 2927 Cedes
589 2863 755 2942 coemptis
769 2862 915 2925 saltibus
929 2870 965 2925 et
978 2862 1082 2926 domo

465 2978 628 3057 Villaque
642 2977 753 3039 flavus
769 2995 873 3057 quam
889 2977 1029 3040 Tiberis
1042 2978 1138 3056 lavit,

505 3092 615 3156 Cedes
629 3098 664 3153 et
680 3092 864 3154 exstructis
874 3094 911 3154 in
927 3092 1038 3155 altum

546 3204 686 3267 Divitiis
700 3204 854 3284 potietur
867 3205 979 3270 heres.

466 3321 618 3383 Divesne
632 3320 746 3399 prisco
759 3327 863 3382 natus
885 3321 930 3382 ab
949 3321 1080 3384 Inacho

464 3435 523 3495 Nil
537 3435 684 3496 interest
696 3453 739 3494 an
755 3453 888 3514 pauper
904 3442 938 3497 et
954 3435 1078 3497 infima

505 3551 557 3610 De
571 3555 677 3629 gente
693 3549 758 3610 sub
772 3548 853 3611 divo
868 3550 1025 3627 moreris,

459 3664 462 3668 ’
544 3662 697 3724 Victima
709 3663 762 3724 nil
775 3664 977 3725 miserantis
994 3664 1084 3727 Orci.

463 3778 593 3839 Omnes
607 3777 731 3838 eodem
747 3777 914 3856 cogimur,
931 3778 1087 3840 omnium

464 3893 632 3954 Versatur
652 3910 742 3953 urna
757 3892 868 3975 serius
883 3893 979 3954 ocius

504 4006 585 4068 Sors
600 4007 737 4068 exitura
751 4013 786 4068 et
800 4025 865 4069 nos
887 4007 923 4067 in
938 4013 1120 4068 aeternum

545 4120 699 4184 Exilium
714 4119 919 4202 impositura
933 4120 1088 4184 cumbae.
