3509 5750
909 663 945 724 26

576 839 758 920 Lauroque
772 840 964 921 collataque
978 845 1102 917 myrto,

615 955 648 1015 N
651 973 695 1015 on
707 955 782 1016 sine
797 955 851 1017 dis
863 956 1040 1016 animosus
1051 953 1176 1015 infans.

534 1069 669 1147 Vester,
682 1070 862 1148 Camenae,
879 1078 995 1131 vester
1009 1069 1046 1130 in
1061 1067 1187 1129 arduos

534 1184 653 1244 Tollor
669 1183 825 1262 Sabinos,
842 1202 904 1246 seu
919 1183 1004 1245 mihi
1020 1183 1187 1261 frigidum

575 1298 760 1361 Praeneste
775 1317 833 1360 seu
849 1299 960 1360 Tibur
974 1298 1138 1379 supinum

615 1413 684 1474 Seu
698 1414 850 1495 liquidae
866 1414 1028 1494 placuere
1042 1412 1155 1474 Baiae.
1246 1437 1252 1445 ’

534 1526 669 1588 Vestris
680 1528 830 1589 amicum
845 1527 1002 1589 fontibus
1018 1533 1053 1588 et
1064 1526 1178 1587 choris

535 1641 615 1701 Non
630 1659 685 1703 me
697 1642 868 1723 Philippis
881 1660 983 1704 versa
994 1641 1087 1702 acies
1100 1646 1204 1717 retro,
1275 1684 1279 1690 -

575 1756 710 1817 Devota
720 1776 791 1817 non
804 1756 974 1819 exstinxit
989 1756 1100 1832 arbos,

615 1869 647 1929 N
650 1888 688 1931 ec
704 1870 820 1933 Sicula
836 1872 1019 1933 Palinurus
1032 1869 1136 1932 unda.

484 1983 503 2017 a
626 1984 645 2025 a
767 1985 785 2026 a
907 1985 926 2026 a
1048 1985 1066 2026 a
1188 1984 1207 2025 a

750 2338 875 2408 CARM.
904 2358 933 2405 2.
980 2338 1087 2407 ΧΙΙΙ.

535 2477 616 2536 Ictu
630 2482 665 2536 et
679 2475 817 2536 nefasto
830 2482 866 2536 te
881 2475 997 2554 posuit
1012 2474 1078 2551 die,

534 2590 740 2669 Quicunque
755 2590 916 2669 primum,
933 2597 968 2651 et
982 2586 1151 2667 sacrilega
1164 2605 1270 2649 manu

575 2704 749 2781 Produxit,
765 2703 874 2778 arbos
893 2704 930 2764 in
944 2710 1111 2783 nepotum

613 2818 804 2882 Perniciem
819 2817 1115 2900 opprobriumque
1129 2816 1225 2897 pagi3

535 2935 639 2996 Illum
653 2943 688 2997 et
703 2935 858 3015 parentis
872 2933 1079 2995 crediderim
1094 2932 1148 2994 sui

533 3049 692 3129 Fregisse
707 3049 877 3111 cervicem
892 3055 929 3110 et
943 3047 1135 3128 penetralia

579 3164 752 3243 Sparsisse
766 3172 938 3225 nocturno
952 3180 1073 3224 cruore

614 3278 782 3358 Hospitis:
796 3277 855 3338 ille
870 3294 1006 3339 venena
1020 3276 1182 3338 Colchica

532 3393 578 3454 Et
592 3391 760 3473 quidquid
774 3410 921 3473 usquam
936 3390 1129 3470 concipitur
1141 3389 1241 3451 nefas

530 3507 717 3584 Tractavit,
733 3524 817 3586 agro
831 3505 892 3586 qui
905 3505 1029 3568 statuit
1043 3524 1122 3566 meo

572 3623 633 3698 Te,
648 3620 748 3683 triste
762 3621 907 3700 lignum,
922 3627 959 3682 te
973 3619 1142 3682 caducum

612 3735 654 3796 In
668 3734 799 3796 domini
813 3740 917 3813 caput
931 3733 1158 3795 immerentis.

532 3847 623 3927 Quid
637 3848 783 3928 quisque
797 3848 885 3910 vitet
899 3865 1079 3928 nunquam
1093 3845 1226 3908 homini
1240 3844 1325 3906 satis

533 3963 682 4024 Cautum
698 3962 800 4024 estin
815 3962 929 4026 horas:

486 4077 505 4112 'k
626 4077 645 4112 ἃ
766 4077 785 4112 'k
907 4078 926 4111 ll·
1047 4076 1066 4111 ἢ
1187 4075 1207 4109 ’k
1328 4073 1348 4107 ’k

533 4193 645 4271 Quam
659 4210 771 4271 paene
786 4193 907 4254 furvae
922 4208 1031 4271 regna
1047 4191 1275 4269 Proserpinae

534 4308 580 4368 Et
592 4306 806 4386 judicantem
816 4306 967 4368 vidimus
982 4306 1137 4367 Aeacum

479 4421 509 4458 ,ᾖ
630 4421 650 4458 ᾗ
771 4421 791 4458 Ι·
913 4422 932 4457 'k
1053 4421 1072 4455 ’k
1193 4420 1213 4454 ’k
1334 4417 1353 4452 'k
