3509 5750
921 699 957 753 86

424 866 454 928 0
469 866 498 929 si
514 886 637 929 urnam
653 869 792 949 argenti
808 869 880 931 fors
894 888 983 950 quae
998 870 1083 932 mihi
1098 878 1277 949 monstret,
1292 878 1333 933 ut
1348 871 1399 931 illi

423 982 602 1043 Thesauro
616 981 761 1044 invento
777 984 835 1063 qui
851 984 1088 1047 mercenarius
1103 1003 1227 1065 agrum

425 1095 528 1156 Illum
542 1096 658 1176 ipsum
673 1105 846 1159 mercatus
862 1099 985 1177 aravit,
1001 1099 1100 1162 dives
1115 1099 1226 1161 amico

425 1209 600 1272 Herculei'
616 1211 645 1272 si
659 1211 752 1290 quod
767 1211 866 1274 adest
881 1220 1022 1292 gratum
1037 1214 1145 1291 juvat,
1160 1214 1225 1274 hac
1240 1231 1343 1292 prece
1357 1220 1393 1273 te
1408 1232 1480 1274 oro:

424 1320 557 1403 Pingue
571 1343 675 1404 pecus
688 1324 830 1387 domino
845 1326 954 1388 facias
969 1334 1005 1387 et
1020 1334 1137 1388 cetera
1157 1335 1298 1408 praeter

422 1438 617 1518 Ingenium,
632 1446 740 1519 utque
754 1441 845 1502 soles
860 1449 976 1503 custos
990 1441 1077 1502 mihi
1093 1442 1267 1503 maximus
1282 1442 1382 1502 adsis.

423 1552 517 1630 Ergo
531 1552 591 1614 ubi
605 1571 661 1614 me
676 1553 712 1614 in
727 1562 864 1616 montes
879 1555 962 1616 etin
978 1573 1093 1616 arcem
1108 1574 1152 1616 ex
1168 1555 1254 1616 urbe
1270 1555 1412 1633 removi,

423 1666 514 1745 Quid
528 1668 624 1747 prius
639 1668 810 1730 illustrem
822 1669 939 1731 satiris
952 1687 1124 1749 musaque
1138 1669 1316 1749 pedestri?

424 1782 498 1843 Nec
512 1783 604 1844 mala
618 1803 673 1844 me
689 1785 831 1846 ambitio
844 1784 962 1863 perdit
974 1803 1037 1845 nec
1053 1785 1240 1863 plumbeus
1255 1783 1385 1844 Auster

421 1895 710 1978 Auctumnusque
725 1899 853 1978 gravis,
866 1899 1044 1960 Libitinae
1059 1906 1224 1978 quaestus
1239 1899 1393 1959 acerbae.

463 2042 482 2076 'le
603 2044 621 2078 ll·
744 2045 762 2079 ll·
885 2045 903 2079 ll·
1026 2044 1044 2078 ll·
1167 2044 1186 2078 ’k
1308 2044 1326 2078 te

464 2157 483 2191 Ἃ·
604 2159 623 2193 'le
745 2159 764 2193 ’k
886 2156 904 2193 it
1026 2159 1045 2193 ’k
1167 2158 1185 2192 ik
1208 2160 1283 2238 Eja’

424 2270 478 2332 Ne
492 2272 588 2351 prior
602 2274 713 2336 officio
728 2273 913 2355 quisquam
927 2274 1149 2355 respondeat,
1165 2291 1263 2352 urge.

463 2418 482 2452 ’k
603 2421 622 2455 'le
743 2421 762 2455 ’k
886 2420 905 2454 re
1027 2419 1187 2454 *.¹k
1310 2420 1329 2454 re

424 2533 586 2597 Perditur
599 2537 685 2597 haec
700 2536 792 2597 inter
805 2536 933 2597 misero
944 2538 1005 2597 lux
1020 2554 1091 2596 non
1105 2534 1181 2596 sine
1196 2535 1301 2597 votis:

422 2648 451 2707 0
465 2667 533 2729 rus,
549 2650 687 2730 quando
698 2669 764 2728 ego
774 2658 810 2712 te
825 2650 1039 2729 adspiciam?
1061 2648 1271 2729 quandoque
1287 2649 1405 2711 licebit

423 2763 526 2826 Nunc
539 2771 698 2826 veterum
711 2764 820 2843 libris,
834 2782 928 2825 nunc
947 2782 1070 2825 somno
1085 2770 1121 2823 et
1134 2762 1307 2824 inertibus
1321 2762 1417 2823 horis

423 2879 559 2940 Ducere
573 2878 740 2940 sollicitae
754 2879 909 2957 jucunda
922 2878 1054 2941 oblivia
1067 2879 1188 2941 vitae?
1259 2892 1261 2895 ·

422 2992 452 3053 O
467 2993 605 3074 quando
618 2993 701 3055 faba
716 2993 934 3074 Pythagorae
950 3000 1100 3073 cognata
1121 2992 1294 3072 simulque

422 3107 538 3168 Uncta
552 3108 635 3170 satis
649 3108 772 3189 pingui
793 3114 969 3187 ponentur
983 3107 1140 3168 oluscula
1152 3106 1251 3168 lardo
1265 3111 1277 3168 i

421 3219 451 3280 O
465 3228 585 3282 noctes
599 3240 797 3301 coenaeque
812 3220 929 3283 deum!
952 3221 1079 3301 quibus
1093 3219 1168 3300 ipse
1183 3219 1324 3299 meique

358 3361 360 3366 ’
421 3333 514 3395 Ante
530 3334 656 3397 Larem
671 3335 848 3414 proprium
863 3352 985 3396 vescor
1000 3352 1197 3413 vernasque
1212 3352 1375 3412 procaces

422 3447 528 3510 Pasco
540 3449 657 3511 libatis
672 3448 828 3528 dapibus.
872 3449 981 3510 Prout
996 3447 1120 3528 cuique
1134 3447 1243 3509 libido
1260 3455 1316 3508 est

422 3562 534 3624 Siccat
546 3562 746 3643 inaequales
761 3563 886 3625 calices
901 3562 1057 3639 conviva,
1076 3562 1211 3624 solutus

422 3676 576 3758 Legibus
589 3677 728 3755 insanis,
745 3695 806 3740 seu
821 3677 899 3757 quis
913 3676 1007 3757 capit
1021 3676 1114 3738 acria
1128 3675 1232 3737 tortis
