<?xml version="1.0" encoding="UTF-8"?>
<!DOCTYPE html PUBLIC "-//W3C//DTD XHTML 1.0 Transitional//EN"
    "http://www.w3.org/TR/xhtml1/DTD/xhtml1-transitional.dtd">
<html xmlns="http://www.w3.org/1999/xhtml" xml:lang="en" lang="en">
 <head>
  <title>
</title>
<meta http-equiv="Content-Type" content="text/html;charset=utf-8" />
  <meta name='ocr-system' content='tesseract 3.04.00' />
  <meta name='ocr-capabilities' content='ocr_page ocr_carea ocr_par ocr_line ocrx_word'/>
</head>
<body>
  <div class='ocr_page' id='page_1' title='image "./horacehislifefr00horagoog_0162.png"; bbox 0 0 3509 5750; ppageno 0'>
   <div class='ocr_carea' id='block_1_1' title="bbox 825 704 879 761">
    <p class='ocr_par' dir='ltr' id='par_1_1' title="bbox 825 704 879 761">
     <span class='ocr_line' id='line_1_1' title="bbox 825 704 879 761; baseline 0.019 -1"><span class='ocrx_word' id='word_1_1' title='bbox 825 704 879 761; x_wconf 78' lang='lat'>154</span> 
     </span>
    </p>
   </div>
   <div class='ocr_carea' id='block_1_2' title="bbox 342 876 1285 2898">
    <p class='ocr_par' dir='ltr' id='par_1_2' title="bbox 343 876 1230 1297">
     <span class='ocr_line' id='line_1_2' title="bbox 346 876 1163 974; baseline -0.001 -35"><span class='ocrx_word' id='word_1_2' title='bbox 346 877 482 958; x_wconf 87' lang='lat' dir='ltr'>Incipit,</span> <span class='ocrx_word' id='word_1_3' title='bbox 499 895 538 939; x_wconf 92' lang='lat' dir='ltr'>ac</span> <span class='ocrx_word' id='word_1_4' title='bbox 554 878 677 939; x_wconf 90' lang='lat' dir='ltr'>missae</span> <span class='ocrx_word' id='word_1_5' title='bbox 693 884 831 956; x_wconf 90' lang='lat' dir='ltr'>pastum</span> <span class='ocrx_word' id='word_1_6' title='bbox 841 876 1034 974; x_wconf 77' lang='lat' dir='ltr'>retinacula</span> <span class='ocrx_word' id='word_1_7' title='bbox 1047 877 1163 938; x_wconf 90' lang='lat' dir='ltr'>mulae</span> 
     </span>
     <span class='ocr_line' id='line_1_3' title="bbox 346 990 1188 1071; baseline 0 -19"><span class='ocrx_word' id='word_1_8' title='bbox 346 992 463 1053; x_wconf 88' lang='lat' dir='ltr'>Nauta</span> <span class='ocrx_word' id='word_1_9' title='bbox 477 992 577 1071; x_wconf 85' lang='lat' dir='ltr'>piger</span> <span class='ocrx_word' id='word_1_10' title='bbox 586 1010 670 1052; x_wconf 84' lang='lat' dir='ltr'>saxo</span> <span class='ocrx_word' id='word_1_11' title='bbox 684 991 811 1071; x_wconf 83' lang='lat' dir='ltr'>religat</span> <span class='ocrx_word' id='word_1_12' title='bbox 832 991 1018 1070; x_wconf 89' lang='lat' dir='ltr'>stertitque</span> <span class='ocrx_word' id='word_1_13' title='bbox 1034 990 1188 1069; x_wconf 90' lang='lat' dir='ltr'>supinus.</span> 
     </span>
     <span class='ocr_line' id='line_1_4' title="bbox 343 1103 1230 1187; baseline -0.001 -21"><span class='ocrx_word' id='word_1_14' title='bbox 343 1106 490 1187; x_wconf 86' lang='lat' dir='ltr'>Jamque</span> <span class='ocrx_word' id='word_1_15' title='bbox 506 1105 580 1165; x_wconf 87' lang='lat' dir='ltr'>dies</span> <span class='ocrx_word' id='word_1_16' title='bbox 594 1104 722 1178; x_wconf 89' lang='lat' dir='ltr'>aderat,</span> <span class='ocrx_word' id='word_1_17' title='bbox 732 1105 782 1165; x_wconf 91' lang='lat' dir='ltr'>nil</span> <span class='ocrx_word' id='word_1_18' title='bbox 793 1123 872 1166; x_wconf 90' lang='lat' dir='ltr'>cum</span> <span class='ocrx_word' id='word_1_19' title='bbox 888 1103 1076 1183; x_wconf 81' lang='lat' dir='ltr'>procedere</span> <span class='ocrx_word' id='word_1_20' title='bbox 1089 1104 1230 1166; x_wconf 87' lang='lat' dir='ltr'>lintrem</span> 
     </span>
     <span class='ocr_line' id='line_1_5' title="bbox 344 1219 1126 1297; baseline -0.001 -16"><span class='ocrx_word' id='word_1_21' title='bbox 344 1219 529 1296; x_wconf 88' lang='lat' dir='ltr'>Sentimus,</span> <span class='ocrx_word' id='word_1_22' title='bbox 545 1219 655 1281; x_wconf 89' lang='lat' dir='ltr'>donec</span> <span class='ocrx_word' id='word_1_23' title='bbox 670 1219 872 1281; x_wconf 89' lang='lat' dir='ltr'>cerebrosus</span> <span class='ocrx_word' id='word_1_24' title='bbox 886 1219 1021 1297; x_wconf 86' lang='lat' dir='ltr'>prosilit</span> <span class='ocrx_word' id='word_1_25' title='bbox 1036 1237 1126 1280; x_wconf 92' lang='lat' dir='ltr'>unus</span> 
     </span>
    </p>

    <p class='ocr_par' dir='ltr' id='par_1_3' title="bbox 342 1332 1285 1870">
     <span class='ocr_line' id='line_1_6' title="bbox 343 1332 1221 1412; baseline -0.003 -17"><span class='ocrx_word' id='word_1_26' title='bbox 343 1335 396 1395; x_wconf 91' lang='lat' dir='ltr'>Ac</span> <span class='ocrx_word' id='word_1_27' title='bbox 411 1336 524 1395; x_wconf 90' lang='lat' dir='ltr'>mulae</span> <span class='ocrx_word' id='word_1_28' title='bbox 536 1341 731 1412; x_wconf 82' lang='lat' dir='ltr'>nautaeque</span> <span class='ocrx_word' id='word_1_29' title='bbox 743 1341 847 1412; x_wconf 90' lang='lat' dir='ltr'>caput</span> <span class='ocrx_word' id='word_1_30' title='bbox 861 1333 1068 1412; x_wconf 90' lang='lat' dir='ltr'>lumbosque</span> <span class='ocrx_word' id='word_1_31' title='bbox 1084 1332 1221 1412; x_wconf 84' lang='lat' dir='ltr'>saligno</span> 
     </span>
     <span class='ocr_line' id='line_1_7' title="bbox 343 1447 1285 1527; baseline -0.001 -18"><span class='ocrx_word' id='word_1_32' title='bbox 343 1450 448 1509; x_wconf 89' lang='lat' dir='ltr'>Fuste</span> <span class='ocrx_word' id='word_1_33' title='bbox 460 1448 573 1511; x_wconf 88' lang='lat' dir='ltr'>dolat:</span> <span class='ocrx_word' id='word_1_34' title='bbox 596 1455 721 1527; x_wconf 89' lang='lat' dir='ltr'>quarta</span> <span class='ocrx_word' id='word_1_35' title='bbox 735 1448 794 1509; x_wconf 89' lang='lat' dir='ltr'>vix</span> <span class='ocrx_word' id='word_1_36' title='bbox 809 1448 951 1508; x_wconf 89' lang='lat' dir='ltr'>demum</span> <span class='ocrx_word' id='word_1_37' title='bbox 966 1447 1176 1526; x_wconf 87' lang='lat' dir='ltr'>exponimur</span> <span class='ocrx_word' id='word_1_38' title='bbox 1192 1449 1285 1508; x_wconf 91' lang='lat' dir='ltr'>hora.</span> 
     </span>
     <span class='ocr_line' id='line_1_8' title="bbox 342 1562 1211 1642; baseline -0.002 -18"><span class='ocrx_word' id='word_1_39' title='bbox 342 1563 413 1625; x_wconf 89' lang='lat' dir='ltr'>Ora</span> <span class='ocrx_word' id='word_1_40' title='bbox 428 1581 619 1642; x_wconf 90' lang='lat' dir='ltr'>manusque</span> <span class='ocrx_word' id='word_1_41' title='bbox 634 1570 694 1623; x_wconf 89' lang='lat' dir='ltr'>tua</span> <span class='ocrx_word' id='word_1_42' title='bbox 708 1563 864 1639; x_wconf 90' lang='lat' dir='ltr'>lavimus,</span> <span class='ocrx_word' id='word_1_43' title='bbox 882 1562 1042 1638; x_wconf 86' lang='lat' dir='ltr'>Feronia,</span> <span class='ocrx_word' id='word_1_44' title='bbox 1058 1562 1211 1641; x_wconf 87' lang='lat' dir='ltr'>lympha.</span> 
     </span>
     <span class='ocr_line' id='line_1_9' title="bbox 347 1675 1215 1755; baseline -0.002 -17"><span class='ocrx_word' id='word_1_45' title='bbox 347 1677 456 1738; x_wconf 89' lang='lat' dir='ltr'>Millia</span> <span class='ocrx_word' id='word_1_46' title='bbox 471 1684 546 1737; x_wconf 92' lang='lat' dir='ltr'>tum</span> <span class='ocrx_word' id='word_1_47' title='bbox 557 1676 672 1755; x_wconf 87' lang='lat' dir='ltr'>pransi</span> <span class='ocrx_word' id='word_1_48' title='bbox 687 1676 756 1736; x_wconf 87' lang='lat' dir='ltr'>tria</span> <span class='ocrx_word' id='word_1_49' title='bbox 770 1676 926 1755; x_wconf 91' lang='lat' dir='ltr'>repimus</span> <span class='ocrx_word' id='word_1_50' title='bbox 937 1683 1041 1755; x_wconf 92' lang='lat' dir='ltr'>atque</span> <span class='ocrx_word' id='word_1_51' title='bbox 1057 1675 1215 1736; x_wconf 90' lang='lat' dir='ltr'>subimus</span> 
     </span>
     <span class='ocr_line' id='line_1_10' title="bbox 343 1788 1132 1870; baseline -0.003 -18"><span class='ocrx_word' id='word_1_52' title='bbox 343 1791 548 1870; x_wconf 89' lang='lat' dir='ltr'>Impositum</span> <span class='ocrx_word' id='word_1_53' title='bbox 560 1789 653 1850; x_wconf 86' lang='lat' dir='ltr'>saxis</span> <span class='ocrx_word' id='word_1_54' title='bbox 667 1790 736 1851; x_wconf 89' lang='lat' dir='ltr'>late</span> <span class='ocrx_word' id='word_1_55' title='bbox 749 1788 980 1850; x_wconf 87' lang='lat' dir='ltr'>candentibus</span> <span class='ocrx_word' id='word_1_56' title='bbox 995 1790 1132 1850; x_wconf 86' lang='lat' dir='ltr'>Anxur.</span> 
     </span>
    </p>

    <p class='ocr_par' dir='ltr' id='par_1_4' title="bbox 344 1902 1181 2097">
     <span class='ocr_line' id='line_1_11' title="bbox 344 1902 1181 1981; baseline -0.004 -16"><span class='ocrx_word' id='word_1_57' title='bbox 344 1906 423 1965; x_wconf 92' lang='lat' dir='ltr'>Huc</span> <span class='ocrx_word' id='word_1_58' title='bbox 438 1911 605 1965; x_wconf 91' lang='lat' dir='ltr'>venturus</span> <span class='ocrx_word' id='word_1_59' title='bbox 620 1910 696 1963; x_wconf 89' lang='lat' dir='ltr'>erat</span> <span class='ocrx_word' id='word_1_60' title='bbox 710 1903 894 1965; x_wconf 86' lang='lat' dir='ltr'>Maecenas</span> <span class='ocrx_word' id='word_1_61' title='bbox 909 1902 1061 1981; x_wconf 81' lang='lat' dir='ltr'>optImus</span> <span class='ocrx_word' id='word_1_62' title='bbox 1077 1909 1181 1981; x_wconf 87' lang='lat' dir='ltr'>atque</span> 
     </span>
     <span class='ocr_line' id='line_1_12' title="bbox 344 2017 1120 2097; baseline -0.004 -17"><span class='ocrx_word' id='word_1_63' title='bbox 344 2018 515 2094; x_wconf 67' lang='lat' dir='ltr'>Cocceius</span> <span class='ocrx_word' id='word_1_64' title='bbox 531 2017 627 2078; x_wconf 91' lang='lat' dir='ltr'>missi</span> <span class='ocrx_word' id='word_1_65' title='bbox 643 2017 780 2097; x_wconf 74' lang='lat' dir='ltr'>magnIs</span> <span class='ocrx_word' id='word_1_66' title='bbox 794 2018 952 2078; x_wconf 87' lang='lat' dir='ltr'>derebus</span> <span class='ocrx_word' id='word_1_67' title='bbox 972 2024 1120 2096; x_wconf 89' lang='lat' dir='ltr'>uterque</span> 
     </span>
    </p>

    <p class='ocr_par' dir='ltr' id='par_1_5' title="bbox 344 2130 1119 2212">
     <span class='ocr_line' id='line_1_13' title="bbox 344 2130 1119 2212; baseline -0.005 -18"><span class='ocrx_word' id='word_1_68' title='bbox 344 2132 479 2212; x_wconf 87' lang='lat' dir='ltr'>Legati,</span> <span class='ocrx_word' id='word_1_69' title='bbox 494 2150 633 2194; x_wconf 86' lang='lat' dir='ltr'>aversos</span> <span class='ocrx_word' id='word_1_70' title='bbox 645 2132 737 2193; x_wconf 91' lang='lat' dir='ltr'>soliti</span> <span class='ocrx_word' id='word_1_71' title='bbox 749 2149 957 2209; x_wconf 87' lang='lat' dir='ltr'>componere</span> <span class='ocrx_word' id='word_1_72' title='bbox 979 2130 1119 2191; x_wconf 88' lang='lat' dir='ltr'>amicos.</span> 
     </span>
    </p>

    <p class='ocr_par' dir='ltr' id='par_1_6' title="bbox 343 2244 1276 2898">
     <span class='ocr_line' id='line_1_14' title="bbox 344 2244 1121 2325; baseline -0.004 -17"><span class='ocrx_word' id='word_1_73' title='bbox 344 2248 411 2308; x_wconf 90' lang='lat' dir='ltr'>Hic</span> <span class='ocrx_word' id='word_1_74' title='bbox 426 2246 534 2307; x_wconf 88' lang='lat' dir='ltr'>oculis</span> <span class='ocrx_word' id='word_1_75' title='bbox 549 2265 615 2325; x_wconf 84' lang='lat' dir='ltr'>ego</span> <span class='ocrx_word' id='word_1_76' title='bbox 631 2246 733 2325; x_wconf 88' lang='lat' dir='ltr'>nigra</span> <span class='ocrx_word' id='word_1_77' title='bbox 743 2245 830 2306; x_wconf 77' lang='lat' dir='ltr'>meIs</span> <span class='ocrx_word' id='word_1_78' title='bbox 846 2244 992 2323; x_wconf 87' lang='lat' dir='ltr'>collyria</span> <span class='ocrx_word' id='word_1_79' title='bbox 1005 2245 1121 2323; x_wconf 91' lang='lat' dir='ltr'>lippus</span> 
     </span>
     <span class='ocr_line' id='line_1_15' title="bbox 345 2357 1158 2437; baseline -0.005 -14"><span class='ocrx_word' id='word_1_80' title='bbox 345 2362 493 2423; x_wconf 88' lang='lat' dir='ltr'>Illinere.</span> <span class='ocrx_word' id='word_1_81' title='bbox 537 2361 677 2421; x_wconf 87' lang='lat' dir='ltr'>Interea</span> <span class='ocrx_word' id='word_1_82' title='bbox 693 2360 879 2421; x_wconf 91' lang='lat' dir='ltr'>Maecenas</span> <span class='ocrx_word' id='word_1_83' title='bbox 895 2357 1037 2420; x_wconf 87' lang='lat' dir='ltr'>advenit</span> <span class='ocrx_word' id='word_1_84' title='bbox 1052 2365 1158 2437; x_wconf 89' lang='lat' dir='ltr'>atque</span> 
     </span>
     <span class='ocr_line' id='line_1_16' title="bbox 343 2472 1241 2553; baseline -0.007 -17"><span class='ocrx_word' id='word_1_85' title='bbox 343 2474 507 2537; x_wconf 85' lang='lat' dir='ltr'>Cocceius</span> <span class='ocrx_word' id='word_1_86' title='bbox 522 2472 715 2553; x_wconf 88' lang='lat' dir='ltr'>Capitoque</span> <span class='ocrx_word' id='word_1_87' title='bbox 731 2473 834 2533; x_wconf 78' lang='lat' dir='ltr'>slmul</span> <span class='ocrx_word' id='word_1_88' title='bbox 845 2472 1022 2549; x_wconf 89' lang='lat' dir='ltr'>Fonteius,</span> <span class='ocrx_word' id='word_1_89' title='bbox 1034 2472 1077 2532; x_wconf 92' lang='lat' dir='ltr'>ad</span> <span class='ocrx_word' id='word_1_90' title='bbox 1085 2488 1241 2549; x_wconf 86' lang='lat' dir='ltr'>unguem</span> 
     </span>
     <span class='ocr_line' id='line_1_17' title="bbox 344 2585 1276 2666; baseline -0.003 -15"><span class='ocrx_word' id='word_1_91' title='bbox 344 2591 470 2650; x_wconf 87' lang='lat' dir='ltr'>Factus</span> <span class='ocrx_word' id='word_1_92' title='bbox 485 2590 596 2665; x_wconf 91' lang='lat' dir='ltr'>h0m0,</span> <span class='ocrx_word' id='word_1_93' title='bbox 613 2590 746 2649; x_wconf 91' lang='lat' dir='ltr'>Antoni</span> <span class='ocrx_word' id='word_1_94' title='bbox 761 2607 832 2649; x_wconf 89' lang='lat' dir='ltr'>non</span> <span class='ocrx_word' id='word_1_95' title='bbox 846 2594 886 2648; x_wconf 91' lang='lat' dir='ltr'>ut</span> <span class='ocrx_word' id='word_1_96' title='bbox 901 2588 1017 2666; x_wconf 85' lang='lat' dir='ltr'>magis</span> <span class='ocrx_word' id='word_1_97' title='bbox 1033 2587 1122 2648; x_wconf 91' lang='lat' dir='ltr'>alter</span> <span class='ocrx_word' id='word_1_98' title='bbox 1134 2585 1276 2648; x_wconf 83' lang='lat' dir='ltr'>amicus</span> 
     </span>
     <span class='ocr_line' id='line_1_18' title="bbox 344 2700 1106 2781; baseline -0.005 -18"><span class='ocrx_word' id='word_1_99' title='bbox 344 2702 485 2764; x_wconf 88' lang='lat' dir='ltr'>Fundos</span> <span class='ocrx_word' id='word_1_100' title='bbox 496 2702 638 2763; x_wconf 91' lang='lat' dir='ltr'>Aufidio</span> <span class='ocrx_word' id='word_1_101' title='bbox 651 2702 763 2762; x_wconf 92' lang='lat' dir='ltr'>Lusco</span> <span class='ocrx_word' id='word_1_102' title='bbox 779 2708 938 2781; x_wconf 88' lang='lat' dir='ltr'>praetore</span> <span class='ocrx_word' id='word_1_103' title='bbox 953 2700 1106 2762; x_wconf 88' lang='lat' dir='ltr'>libenter</span> 
     </span>
     <span class='ocr_line' id='line_1_19' title="bbox 344 2814 1183 2898; baseline -0.005 -19"><span class='ocrx_word' id='word_1_104' title='bbox 344 2817 560 2898; x_wconf 79' lang='lat' dir='ltr'>LinquImuS,</span> <span class='ocrx_word' id='word_1_105' title='bbox 575 2816 688 2878; x_wconf 76' lang='lat' dir='ltr'>Insani</span> <span class='ocrx_word' id='word_1_106' title='bbox 698 2814 851 2877; x_wconf 89' lang='lat' dir='ltr'>ridentes</span> <span class='ocrx_word' id='word_1_107' title='bbox 866 2816 1023 2896; x_wconf 87' lang='lat' dir='ltr'>praemia</span> <span class='ocrx_word' id='word_1_108' title='bbox 1039 2814 1183 2893; x_wconf 88' lang='lat' dir='ltr'>scribae,</span> 
     </span>
    </p>
   </div>
   <div class='ocr_carea' id='block_1_3' title="bbox 344 2929 1290 3241">
    <p class='ocr_par' dir='ltr' id='par_1_7' title="bbox 344 2929 1290 3241">
     <span class='ocr_line' id='line_1_20' title="bbox 344 2929 1290 3010; baseline -0.003 -17"><span class='ocrx_word' id='word_1_109' title='bbox 344 2934 564 2994; x_wconf 85' lang='lat' dir='ltr'>Praetextam</span> <span class='ocrx_word' id='word_1_110' title='bbox 578 2938 614 2992; x_wconf 90' lang='lat' dir='ltr'>et</span> <span class='ocrx_word' id='word_1_111' title='bbox 624 2932 735 2992; x_wconf 87' lang='lat' dir='ltr'>latum</span> <span class='ocrx_word' id='word_1_112' title='bbox 750 2932 887 2992; x_wconf 88' lang='lat' dir='ltr'>clavum</span> <span class='ocrx_word' id='word_1_113' title='bbox 903 2949 1105 3010; x_wconf 89' lang='lat' dir='ltr'>prunaeque</span> <span class='ocrx_word' id='word_1_114' title='bbox 1122 2929 1290 2990; x_wconf 90' lang='lat' dir='ltr'>batillum.</span> 
     </span>
     <span class='ocr_line' id='line_1_21' title="bbox 345 3044 1201 3120; baseline -0.005 -12"><span class='ocrx_word' id='word_1_115' title='bbox 345 3049 385 3108; x_wconf 92' lang='lat' dir='ltr'>In</span> <span class='ocrx_word' id='word_1_116' title='bbox 397 3048 653 3108; x_wconf 88' lang='lat' dir='ltr'>Mamurrarum</span> <span class='ocrx_word' id='word_1_117' title='bbox 668 3047 752 3107; x_wconf 90' lang='lat' dir='ltr'>lassi</span> <span class='ocrx_word' id='word_1_118' title='bbox 768 3044 892 3107; x_wconf 89' lang='lat' dir='ltr'>deinde</span> <span class='ocrx_word' id='word_1_119' title='bbox 907 3045 994 3107; x_wconf 89' lang='lat' dir='ltr'>urbe</span> <span class='ocrx_word' id='word_1_120' title='bbox 1009 3062 1201 3120; x_wconf 91' lang='lat' dir='ltr'>manemus,</span> 
     </span>
     <span class='ocr_line' id='line_1_22' title="bbox 344 3158 1216 3241; baseline -0.005 -18"><span class='ocrx_word' id='word_1_121' title='bbox 344 3161 490 3223; x_wconf 90' lang='lat' dir='ltr'>Murena</span> <span class='ocrx_word' id='word_1_122' title='bbox 499 3162 690 3241; x_wconf 89' lang='lat' dir='ltr'>praebente</span> <span class='ocrx_word' id='word_1_123' title='bbox 703 3159 854 3238; x_wconf 89' lang='lat' dir='ltr'>domum,</span> <span class='ocrx_word' id='word_1_124' title='bbox 871 3158 1041 3240; x_wconf 89' lang='lat' dir='ltr'>Capitone</span> <span class='ocrx_word' id='word_1_125' title='bbox 1054 3158 1216 3221; x_wconf 85' lang='lat' dir='ltr'>culiaam.</span> 
     </span>
    </p>
   </div>
   <div class='ocr_carea' id='block_1_4' title="bbox 0 0 1760 5750">
    <p class='ocr_par' dir='ltr' id='par_1_8' title="bbox 0 0 1760 5750">
     <span class='ocr_line' id='line_1_23' title="bbox 0 0 1760 5750; baseline 0 0"><span class='ocrx_word' id='word_1_126' title='bbox 0 0 1760 5750; x_wconf 95' lang='lat' dir='ltr'> </span> 
     </span>
    </p>
   </div>
  </div>
 </body>
</html>
