3509 5750
905 686 941 741 88

412 856 538 918 Pocula
552 875 613 918 seu
628 856 771 918 modicis
785 854 920 919 uvescit
933 857 1069 919 laetius.
1114 859 1208 936 Ergo

411 970 532 1031 Sermo
555 971 674 1048 oritur,
799 970 817 1003 r
940 969 959 1003 ⁴*
1081 970 1099 1004 *
1222 972 1240 1005 s
1363 974 1381 1006 ³*

411 1084 430 1118 r
552 1086 570 1119 t
692 1085 710 1119 a
803 1084 821 1118 a
932 1085 994 1146 sed
1009 1086 1101 1165 quod
1121 1087 1234 1167 magis
1255 1087 1299 1148 ad
1320 1108 1384 1149 nos

412 1183 566 1246 Pertinet
580 1191 615 1245 et
629 1184 763 1245 nescire
779 1182 908 1244 malum
923 1190 978 1244 est
992 1183 1179 1264 agitamus:
1201 1192 1366 1246 utrumne

411 1297 550 1359 Divitiis
564 1297 722 1359 homiues
737 1317 781 1358 an
803 1298 873 1360 sint
890 1297 1021 1359 virtute
1035 1299 1142 1375 beati3

411 1412 545 1491 Quidve
561 1412 604 1473 ad
618 1412 796 1489 amicitias,
812 1431 896 1475 usus
913 1420 1100 1490 rectumne,
1112 1413 1229 1474 trahat
1242 1432 1319 1488 nos;

414 1529 460 1588 Et
475 1546 563 1607 quae
577 1528 622 1590 sit
636 1534 760 1589 natura
774 1526 857 1589 boni
872 1545 1117 1607 summumque
1133 1528 1216 1607 quid
1231 1531 1316 1607 ejus

451 1676 470 1709 'k
592 1675 610 1709 *le
733 1676 752 1709 'k
874 1675 893 1708 ’le
1016 1674 1035 1708 ’k
1156 1675 1174 1709 *le
1297 1676 1315 1709 ’le

740 1909 864 1979 CARM.
889 1929 915 1978 1.
965 1907 1087 1975 XVII.

532 2048 655 2107 Vmox
670 2064 856 2107 amoenum
870 2064 974 2121 saepe
989 2044 1199 2105 Lucretilem

533 2162 647 2222 Mutat
663 2161 799 2240 Lycaeo
814 2161 952 2221 Faunus
967 2166 1001 2220 et
1017 2158 1156 2235 igneam

573 2275 738 2337 Defendit
752 2281 918 2335 aestatem
938 2272 1078 2352 capellis

614 2390 733 2469 Usque
747 2389 835 2448 meis
849 2387 1056 2468 pluviosque
1070 2395 1202 2448 ventos.

534 2504 681 2582 Impune
696 2510 809 2563 tutum
824 2520 888 2581 per
901 2519 1025 2562 nemus
1044 2499 1186 2561 arbutos

533 2617 713 2696 Quaerunt
727 2617 876 2678 latentes
892 2622 927 2677 et
941 2616 1061 2694 thyma
1076 2614 1198 2676 deviae

574 2731 709 2793 Olentis
723 2748 850 2792 uxores
863 2730 992 2803 mariti,

613 2847 687 2908 Nec
702 2845 829 2908 virides
844 2852 1005 2907 metuunt
1019 2842 1178 2906 colubras

533 2962 565 3022 N
568 2981 606 3022 ec
622 2960 798 3022 Martiales
813 2959 993 3021 Haediliae
1008 2960 1117 3038 lupos,

486 3079 504 3119 ιιι
626 3075 645 3109 s
762 3075 780 3116 *
902 3076 922 3117 *
1044 3073 1063 3107 t
1185 3073 1204 3114 *

533 3157 552 3191 ⁴*
594 3155 612 3189 a
654 3155 673 3189 ⁴*
715 3155 783 3216 Hic
797 3154 862 3216 tibi
876 3144 977 3234 copia

575 3271 731 3333 Manebit
745 3270 787 3331 ad
802 3270 943 3350 plenum
957 3270 1110 3349 benigno

614 3386 720 3449 Ruris
734 3386 906 3447 honorum
921 3385 1087 3463 opulenta
1101 3403 1218 3446 cornu.

534 3500 648 3561 Hicin
663 3500 807 3561 reducta
821 3498 913 3560 valle
928 3497 1114 3560 Caniculae

531 3615 669 3676 Vitabis
684 3621 799 3675 aestus
840 3613 858 3654 *
899 3610 919 3645 ⁴
960 3609 980 3644 ⁴

488 3729 507 3763 e
628 3728 647 3762 re
769 3726 788 3760 e
910 3716 929 3758 re
1051 3725 1070 3759 a
1192 3727 1211 3768 *

535 3809 604 3871 Hic
617 3808 811 3870 innocentis
825 3806 950 3887 pocula
965 3805 1082 3868 Lesbii

534 3925 648 3986 Duces
662 3922 727 3984 sub
738 3922 872 3999 umbra,
914 3922 933 3963 *
976 3919 995 3953 ⁴*
1036 3921 1055 3962 *

487 4037 506 4072 'lt
630 4036 649 4070 re
770 4034 789 4068 ’k
911 4032 930 4066 ’k
1052 4032 1071 4066 ’k
1193 4033 1212 4067 ’k

744 4232 867 4301 CARM.
889 4251 917 4315 3.
967 4231 1075 4300 XIII.

536 4371 566 4432 O
582 4388 665 4431 rous
679 4368 881 4446 Bandusiae,
898 4367 1112 4448 splendidior
1126 4367 1226 4444 vitro,

535 4484 637 4546 Dulci
651 4482 757 4564 digne
767 4500 864 4545 mero
877 4501 948 4544 non
963 4482 1037 4544 sine
1052 4480 1205 4560 floribus,

576 4598 660 4661 Cras
674 4597 858 4660 donaberis
871 4596 984 4659 haedo

616 4712 681 4775 Cui
696 4713 793 4774 frons
807 4711 946 4792 turgida
960 4709 1121 4774 cornibus
