3509 5750
908 809 946 864 64

533 980 605 1044 Cur
619 980 817 1044 invidendis
831 981 991 1060 postibus
1006 987 1040 1042 et
1054 999 1146 1043 novo

533 1096 690 1158 Sublime
704 1096 776 1158 ritu
790 1094 917 1157 moliar
931 1096 1081 1157 atrium?

577 1211 648 1275 Cur
662 1211 755 1274 valle
775 1218 973 1290 permutem
997 1210 1127 1272 Sabina

614 1327 764 1390 Divitias
785 1324 1026 1406 operosiores?

750 1707 876 1778 CARM.
907 1727 934 1778 1.
984 1707 1107 1774 XVII.

591 1879 611 1914 1
732 1878 751 1913 1
873 1877 893 1912 1
1020 1878 1039 1912 1
1160 1878 1180 1911 1
1302 1878 1321 1912 1

534 1994 578 2055 Di
592 2013 648 2056 me
664 2000 816 2071 tuentur,
832 1992 887 2054 dis
901 1994 1012 2073 pietas
1025 2011 1106 2054 mea

534 2111 580 2171 Et
596 2109 698 2172 Musa
712 2107 807 2169 cordi
821 2114 883 2170 est.
1007 2107 1026 2141 a
1150 2106 1170 2141 a
1292 2107 1311 2141 a

774 2490 900 2558 CARM.
923 2511 957 2573 4.
1007 2490 1075 2557 ΙΙΙ.

589 2679 608 2713 re
730 2678 748 2712 1
870 2678 889 2712 1
1012 2678 1031 2712 1
1154 2678 1172 2712 1
1296 2678 1314 2712 1

532 2829 662 2892 Totum
681 2828 838 2890 muneris
858 2827 924 2890 hoc
945 2828 997 2890 tui
1020 2834 1087 2891 est:

571 2943 672 3022 Quod
692 2952 866 3005 monstror
880 2942 991 3023 digito
1014 2943 1312 3022 praetereuntium

533 3059 711 3121 Romanae
734 3057 857 3118 fidicen
879 3058 988 3137 lyrae,
1189 3042 1193 3048 ¹

572 3172 672 3252 Quod
688 3172 781 3251 spiro
795 3178 832 3232 et
848 3171 978 3250 plaee0‚
995 3171 1023 3233 si
1037 3171 1169 3251 placeo,
1185 3152 1285 3232 tuum
1300 3176 1363 3233 est.

749 3425 1082 3436 ——————-

760 3602 888 3670 CARM.
913 3623 942 3670 2.
989 3603 1074 3674 XX.

537 3794 618 3854 Nou
631 3793 761 3855 usitata
777 3810 842 3853 nec
857 3791 954 3853 tenui
968 3791 1064 3853 ferar

532 3908 652 3969 Penna
665 3907 824 3969 biformis
838 3923 902 3987 per
916 3904 1087 3985 liquidum
1103 3905 1246 3968 aethera

570 4022 686 4099 Vates,
702 4039 815 4102 neque
829 4021 866 4081 in
882 4019 987 4080 terris
1000 4020 1165 4082 morabor

612 4136 777 4216 Longius,
792 4134 995 4214 invidiaque
1010 4134 1123 4214 major

532 4250 646 4312 Urbes
660 4249 866 4330 relinquam.
911 4248 991 4309 Non
1006 4266 1082 4328 ego,
1097 4266 1290 4328 pauperum

533 4364 682 4444 Sanguis
701 4370 898 4443 parentum,
913 4380 985 4424 non
1001 4381 1067 4442 ego
1082 4380 1186 4442 quem
1199 4382 1313 4441 vocas,

571 4478 707 4540 Dilecte
729 4479 923 4555 Maecenas,
938 4476 1043 4538 obibo

612 4594 685 4655 Nee
700 4592 826 4673 Stygia
840 4592 1030 4654 cohibebor
1043 4592 1146 4654 unda.

450 4741 470 4778 1
590 4741 610 4777 1
731 4741 751 4776 1
873 4740 893 4775 1
1015 4740 1034 4774 1
1155 4740 1175 4775 1
1296 4739 1315 4773 1
