3509 5750
913 666 951 723 44

796 837 884 907 SAT.
909 858 936 907 ι,
986 838 1051 908 IV.

488 1026 506 1060 'k
629 1026 647 1060 ἰ·
768 1026 787 1059 'le
911 1026 930 1059 *ie
1052 1026 1071 1061 ’k
1194 1027 1212 1061 'k
1334 1028 1353 1061 'le

291 1145 325 1206 17
338 1139 410 1201 “Di
423 1139 514 1202 bene
529 1141 685 1202 fecerunt
696 1140 810 1220 inopis
823 1159 880 1202 me
895 1141 1056 1221 quodque
1071 1141 1189 1220 pusilli

336 1252 529 1316 Finxerunt
544 1254 661 1331 animi,
677 1271 757 1315 raro
772 1261 806 1315 et
821 1272 996 1334 perpauca
1010 1254 1196 1334 loquentis.

496 1402 515 1435 *ie
637 1403 656 1437 ἃ
778 1401 796 1435 'k
918 1401 937 1435 ’k
1058 1402 1077 1435 *ie
1199 1403 1218 1436 -Ὶε
1340 1403 1359 1437 ’k

457 1515 474 1552 *
597 1515 615 1549 s
738 1515 756 1549 ⁴*
880 1516 1051 1595 Agedum,
1068 1535 1178 1596 pauca
1191 1518 1309 1597 accipe
1324 1526 1451 1580 contra.

286 1634 325 1707 38
335 1629 489 1690 Primum
504 1649 570 1711 ego
584 1650 640 1692 me
655 1609 964 1691 illorumdederim
979 1631 1107 1710 quibus
1121 1649 1198 1693 esse
1209 1631 1321 1711 poetis

335 1744 528 1824 Excerpam
544 1764 701 1809 numero:
716 1763 829 1825 neque
844 1745 935 1806 enim
950 1746 1155 1808 concludere
1169 1763 1310 1809 versum

334 1858 472 1920 Dixeris
486 1878 561 1921 esse
576 1861 661 1921 satis
674 1885 681 1935 ;
696 1878 810 1939 neque
826 1860 854 1921 si
869 1860 929 1940 qui
943 1860 1072 1922 scribat
1086 1861 1138 1922 uti
1153 1878 1216 1922 nos

333 1973 491 2034 Sermoni
507 1975 680 2053 propiora:
696 1981 796 2054 putes
811 1974 904 2035 hunc
918 1992 994 2036 esse
1009 1981 1158 2054 potitam.

333 2086 518 2166 Ingenium
529 2087 585 2148 cui
600 2088 654 2164 sit,
666 2088 721 2149 cui
736 2105 836 2148 mens
850 2086 1003 2150 divinior
1017 2095 1122 2168 atque
1137 2107 1176 2150 os

333 2201 462 2281 Magna
473 2208 685 2280 sonaturum,
701 2201 762 2262 des
776 2200 929 2262 nominis
942 2200 1048 2280 hujus
1063 2202 1242 2263 honorem.

487 2347 505 2381 ἰ·
629 2348 647 2382 'ir
770 2347 788 2381 'k
916 2347 935 2382 ’k
1056 2347 1076 2382 ἃ
1198 2348 1216 2383 'k
1337 2348 1356 2381 'le

453 2461 471 2495 'k
593 2462 647 2495 'lr-
734 2462 753 2496 ’k
877 2463 896 2497 ’k
1017 2462 1036 2496 ’k
1173 2464 1267 2542 Ergo

333 2575 412 2636 Non
427 2577 512 2637 satis
526 2585 579 2638 est
593 2577 688 2657 puris
703 2595 843 2640 versum
857 2579 1075 2659 perscribere
1090 2578 1216 2656 verbis,

333 2690 445 2768 Quem
460 2691 488 2751 si
502 2690 680 2770 dissolvas,
696 2692 811 2773 quivis
824 2693 1063 2755 stomachetur
1077 2692 1199 2754 eodem

452 2804 471 2837 ⁴*
592 2804 611 2839 ⁴*
733 2806 752 2840 *
874 2806 893 2840 ³*
1016 2807 1081 2869 His
1096 2826 1162 2888 ego
1181 2824 1271 2887 quae
1286 2823 1388 2885 nunc,

332 2917 424 2979 Olim
438 2937 527 2998 quae
542 2920 680 2999 scripsit
696 2921 860 2998 Lucilius,
877 2921 1004 3001 eripias
1016 2922 1046 2984 si

331 3031 505 3111 Tempora
519 3040 613 3095 certa
627 3036 826 3115 modosque,
842 3042 878 3097 et
893 3035 986 3116 quod
1000 3035 1097 3116 prius
1108 3035 1229 3097 ordine
1244 3034 1390 3098 verbum
1406 3040 1459 3095 est

332 3145 508 3208 Posterius
523 3147 639 3226 facias,
655 3168 874 3229 praeponens
888 3151 1012 3212 ultima
1026 3150 1158 3231 primis
1261 3149 1279 3183 ⁴*
1381 3148 1400 3181 ⁴*

485 3294 505 3329 ἃ
626 3296 645 3330 ’k
767 3297 785 3332 Ἰε
908 3298 927 3332 ’k
1048 3297 1066 3332 Ἰε
1188 3296 1208 3331 ἃ
1330 3295 1349 3329 ’k

281 3431 319 3488 52
331 3409 493 3471 Invenias
507 3411 613 3471 etiam
627 3411 767 3491 disjecti
780 3412 939 3474 membra
952 3418 1082 3492 potitae.

332 3524 512 3586 Hactenus
524 3526 623 3588 haec:
725 3526 764 3560 Ψ
