<?xml version="1.0" encoding="UTF-8"?>
<!DOCTYPE html PUBLIC "-//W3C//DTD XHTML 1.0 Transitional//EN"
    "http://www.w3.org/TR/xhtml1/DTD/xhtml1-transitional.dtd">
<html xmlns="http://www.w3.org/1999/xhtml" xml:lang="en" lang="en">
 <head>
  <title>
</title>
<meta http-equiv="Content-Type" content="text/html;charset=utf-8" />
  <meta name='ocr-system' content='tesseract 3.04.00' />
  <meta name='ocr-capabilities' content='ocr_page ocr_carea ocr_par ocr_line ocrx_word'/>
</head>
<body>
  <div class='ocr_page' id='page_1' title='image "./horacehislifefr00horagoog_0078.png"; bbox 0 0 3509 5750; ppageno 0'>
   <div class='ocr_carea' id='block_1_1' title="bbox 917 705 952 760">
    <p class='ocr_par' dir='ltr' id='par_1_1' title="bbox 917 705 952 760">
     <span class='ocr_line' id='line_1_1' title="bbox 917 705 952 760; baseline -0.029 0"><span class='ocrx_word' id='word_1_1' title='bbox 917 705 952 760; x_wconf 79' lang='lat'><strong>70</strong></span> 
     </span>
    </p>
   </div>
   <div class='ocr_carea' id='block_1_2' title="bbox 501 876 1292 1625">
    <p class='ocr_par' dir='ltr' id='par_1_2' title="bbox 502 876 1292 1414">
     <span class='ocr_line' id='line_1_2' title="bbox 503 876 1292 968; baseline -0.003 -28"><span class='ocrx_word' id='word_1_2' title='bbox 503 879 566 940; x_wconf 91' lang='lat' dir='ltr'><strong>Dis</strong></span> <span class='ocrx_word' id='word_1_3' title='bbox 580 878 730 939; x_wconf 89' lang='lat' dir='ltr'><strong>miscent</strong></span> <span class='ocrx_word' id='word_1_4' title='bbox 745 876 882 968; x_wconf 82' lang='lat' dir='ltr'><strong>superis</strong></span> <span class='ocrx_word' id='word_1_5' title='bbox 898 898 905 951; x_wconf 92' lang='grc'><strong>;</strong></span> <span class='ocrx_word' id='word_1_6' title='bbox 927 895 983 938; x_wconf 93' lang='lat' dir='ltr'><strong>me</strong></span> <span class='ocrx_word' id='word_1_7' title='bbox 999 876 1154 957; x_wconf 88' lang='lat' dir='ltr'><strong>gelidum</strong></span> <span class='ocrx_word' id='word_1_8' title='bbox 1169 895 1292 938; x_wconf 91' lang='lat' dir='ltr'><strong>nemus</strong></span> 
     </span>
     <span class='ocr_line' id='line_1_3' title="bbox 503 990 1277 1072; baseline 0 -19"><span class='ocrx_word' id='word_1_9' title='bbox 503 993 814 1072; x_wconf 86' lang='lat' dir='ltr'><strong>Nympharumque</strong></span> <span class='ocrx_word' id='word_1_10' title='bbox 824 992 921 1053; x_wconf 89' lang='lat' dir='ltr'><strong>leves</strong></span> <span class='ocrx_word' id='word_1_11' title='bbox 936 1009 1013 1051; x_wconf 92' lang='lat' dir='ltr'><strong>cum</strong></span> <span class='ocrx_word' id='word_1_12' title='bbox 1032 990 1166 1070; x_wconf 85' lang='lat' dir='ltr'><strong>Satyris</strong></span> <span class='ocrx_word' id='word_1_13' title='bbox 1181 992 1277 1053; x_wconf 90' lang='lat' dir='ltr'><strong>chori</strong></span> 
     </span>
     <span class='ocr_line' id='line_1_4' title="bbox 502 1105 1135 1185; baseline -0.005 -16"><span class='ocrx_word' id='word_1_14' title='bbox 502 1107 695 1169; x_wconf 88' lang='lat' dir='ltr'><strong>Secernunt</strong></span> <span class='ocrx_word' id='word_1_15' title='bbox 704 1107 842 1185; x_wconf 88' lang='lat' dir='ltr'><strong>popule,</strong></span> <span class='ocrx_word' id='word_1_16' title='bbox 858 1105 888 1166; x_wconf 91' lang='lat' dir='ltr'><strong>si</strong></span> <span class='ocrx_word' id='word_1_17' title='bbox 900 1123 1015 1184; x_wconf 91' lang='lat' dir='ltr'><strong>neque</strong></span> <span class='ocrx_word' id='word_1_18' title='bbox 1031 1105 1135 1166; x_wconf 91' lang='lat' dir='ltr'><strong>tibias</strong></span> 
     </span>
     <span class='ocr_line' id='line_1_5' title="bbox 504 1219 1139 1299; baseline -0.002 -18"><span class='ocrx_word' id='word_1_19' title='bbox 504 1222 657 1299; x_wconf 87' lang='lat' dir='ltr'>Euterpe</span> <span class='ocrx_word' id='word_1_20' title='bbox 669 1220 808 1282; x_wconf 86' lang='lat' dir='ltr'>cohibet</span> <span class='ocrx_word' id='word_1_21' title='bbox 824 1238 890 1280; x_wconf 90' lang='lat' dir='ltr'><strong>nec</strong></span> <span class='ocrx_word' id='word_1_22' title='bbox 907 1219 1139 1297; x_wconf 86' lang='lat' dir='ltr'>Polyhymnia</span> 
     </span>
     <span class='ocr_line' id='line_1_6' title="bbox 504 1333 1176 1414; baseline -0.001 -18"><span class='ocrx_word' id='word_1_23' title='bbox 504 1336 676 1396; x_wconf 89' lang='lat' dir='ltr'><strong>Lesboum</strong></span> <span class='ocrx_word' id='word_1_24' title='bbox 697 1334 831 1414; x_wconf 83' lang='lat' dir='ltr'><strong>refugit</strong></span> <span class='ocrx_word' id='word_1_25' title='bbox 845 1333 991 1394; x_wconf 88' lang='lat' dir='ltr'><strong>tendere</strong></span> <span class='ocrx_word' id='word_1_26' title='bbox 1006 1333 1176 1395; x_wconf 86' lang='lat' dir='ltr'><strong>barbiton.</strong></span> 
     </span>
    </p>

    <p class='ocr_par' dir='ltr' id='par_1_3' title="bbox 501 1447 1141 1625">
     <span class='ocr_line' id='line_1_7' title="bbox 503 1447 1141 1528; baseline -0.002 -18"><span class='ocrx_word' id='word_1_27' title='bbox 503 1448 603 1528; x_wconf 82' lang='lat' dir='ltr'><strong>Quod</strong></span> <span class='ocrx_word' id='word_1_28' title='bbox 617 1448 646 1509; x_wconf 90' lang='lat' dir='ltr'><strong>si</strong></span> <span class='ocrx_word' id='word_1_29' title='bbox 659 1467 716 1509; x_wconf 89' lang='lat' dir='ltr'><strong>me</strong></span> <span class='ocrx_word' id='word_1_30' title='bbox 725 1448 844 1527; x_wconf 89' lang='lat' dir='ltr'><strong>lyricis</strong></span> <span class='ocrx_word' id='word_1_31' title='bbox 856 1447 996 1509; x_wconf 90' lang='lat' dir='ltr'><strong>vatibus</strong></span> <span class='ocrx_word' id='word_1_32' title='bbox 1007 1447 1141 1525; x_wconf 85' lang='lat' dir='ltr'><strong>inseris,</strong></span> 
     </span>
     <span class='ocr_line' id='line_1_8' title="bbox 501 1561 1062 1625; baseline 0 -1"><span class='ocrx_word' id='word_1_33' title='bbox 501 1562 649 1625; x_wconf 89' lang='lat' dir='ltr'><strong>Sublimi</strong></span> <span class='ocrx_word' id='word_1_34' title='bbox 659 1562 785 1623; x_wconf 80' lang='lat' dir='ltr'><strong>feriam</strong></span> <span class='ocrx_word' id='word_1_35' title='bbox 796 1561 909 1623; x_wconf 91' lang='lat' dir='ltr'><strong>sidera</strong></span> <span class='ocrx_word' id='word_1_36' title='bbox 920 1561 1062 1625; x_wconf 90' lang='lat' dir='ltr'><strong>vertice.</strong></span> 
     </span>
    </p>
   </div>
   <div class='ocr_carea' id='block_1_3' title="bbox 787 1859 1059 1929">
    <p class='ocr_par' dir='ltr' id='par_1_4' title="bbox 787 1859 1059 1929">
     <span class='ocr_line' id='line_1_9' title="bbox 787 1859 1059 1929; baseline -0.022 0"><span class='ocrx_word' id='word_1_37' title='bbox 787 1861 911 1929; x_wconf 80' lang='lat' dir='ltr'><strong>CARM.</strong></span> <span class='ocrx_word' id='word_1_38' title='bbox 939 1880 964 1925; x_wconf 87' lang='lat'><strong>1.</strong></span> <span class='ocrx_word' id='word_1_39' title='bbox 1012 1859 1059 1924; x_wconf 94' lang='grc' dir='ltr'><strong>ΙΙ.</strong></span> 
     </span>
    </p>
   </div>
   <div class='ocr_carea' id='block_1_4' title="bbox 540 2011 1316 4250">
    <p class='ocr_par' dir='ltr' id='par_1_5' title="bbox 540 2011 1157 2098">
     <span class='ocr_line' id='line_1_10' title="bbox 540 2011 1157 2098; baseline -0.006 -22"><span class='ocrx_word' id='word_1_40' title='bbox 540 2018 612 2098; x_wconf 79' lang='grc' dir='ltr'><strong>]ΑΜ</strong></span> <span class='ocrx_word' id='word_1_41' title='bbox 627 2016 710 2077; x_wconf 91' lang='lat' dir='ltr'><strong>satis</strong></span> <span class='ocrx_word' id='word_1_42' title='bbox 725 2016 827 2077; x_wconf 91' lang='lat' dir='ltr'><strong>terris</strong></span> <span class='ocrx_word' id='word_1_43' title='bbox 840 2014 933 2076; x_wconf 90' lang='lat' dir='ltr'><strong>nivis</strong></span> <span class='ocrx_word' id='word_1_44' title='bbox 945 2020 1049 2092; x_wconf 91' lang='lat' dir='ltr'><strong>atque</strong></span> <span class='ocrx_word' id='word_1_45' title='bbox 1063 2011 1157 2073; x_wconf 90' lang='lat' dir='ltr'><strong>dirae</strong></span> 
     </span>
    </p>

    <p class='ocr_par' dir='ltr' id='par_1_6' title="bbox 541 2127 1177 2205">
     <span class='ocr_line' id='line_1_11' title="bbox 541 2127 1177 2205; baseline -0.008 -13"><span class='ocrx_word' id='word_1_46' title='bbox 541 2129 728 2192; x_wconf 88' lang='lat' dir='ltr'><strong>Grandinis</strong></span> <span class='ocrx_word' id='word_1_47' title='bbox 742 2129 838 2191; x_wconf 88' lang='lat' dir='ltr'><strong>misit</strong></span> <span class='ocrx_word' id='word_1_48' title='bbox 848 2130 961 2205; x_wconf 90' lang='lat' dir='ltr'><strong>Pater,</strong></span> <span class='ocrx_word' id='word_1_49' title='bbox 972 2134 1007 2188; x_wconf 90' lang='lat' dir='ltr'><strong>et</strong></span> <span class='ocrx_word' id='word_1_50' title='bbox 1027 2127 1177 2188; x_wconf 90' lang='lat' dir='ltr'><strong>rubente</strong></span> 
     </span>
    </p>

    <p class='ocr_par' dir='ltr' id='par_1_7' title="bbox 542 2242 1118 2434">
     <span class='ocr_line' id='line_1_12' title="bbox 542 2242 1118 2322; baseline -0.009 -16"><span class='ocrx_word' id='word_1_51' title='bbox 542 2245 694 2306; x_wconf 88' lang='lat' dir='ltr'><strong>Dextera</strong></span> <span class='ocrx_word' id='word_1_52' title='bbox 709 2261 823 2305; x_wconf 87' lang='lat' dir='ltr'><strong>sacras</strong></span> <span class='ocrx_word' id='word_1_53' title='bbox 834 2242 1006 2322; x_wconf 85' lang='lat' dir='ltr'><strong>jaculatus</strong></span> <span class='ocrx_word' id='word_1_54' title='bbox 1021 2258 1118 2302; x_wconf 88' lang='lat' dir='ltr'><strong>arces</strong></span> 
     </span>
     <span class='ocr_line' id='line_1_13' title="bbox 663 2357 961 2434; baseline -0.003 -17"><span class='ocrx_word' id='word_1_55' title='bbox 663 2357 803 2418; x_wconf 85' lang='lat' dir='ltr'><strong>Terruit</strong></span> <span class='ocrx_word' id='word_1_56' title='bbox 818 2357 961 2434; x_wconf 91' lang='lat' dir='ltr'><strong>Urbem,</strong></span> 
     </span>
    </p>

    <p class='ocr_par' dir='ltr' id='par_1_8' title="bbox 542 2469 1156 2552">
     <span class='ocr_line' id='line_1_14' title="bbox 542 2469 1156 2552; baseline -0.007 -19"><span class='ocrx_word' id='word_1_57' title='bbox 542 2472 682 2533; x_wconf 86' lang='lat' dir='ltr'><strong>Terruit</strong></span> <span class='ocrx_word' id='word_1_58' title='bbox 696 2478 827 2552; x_wconf 87' lang='lat' dir='ltr'><strong>gentes,</strong></span> <span class='ocrx_word' id='word_1_59' title='bbox 843 2489 951 2551; x_wconf 84' lang='lat' dir='ltr'><strong>grave</strong></span> <span class='ocrx_word' id='word_1_60' title='bbox 967 2489 1010 2531; x_wconf 93' lang='lat' dir='ltr'><strong>ne</strong></span> <span class='ocrx_word' id='word_1_61' title='bbox 1025 2469 1156 2530; x_wconf 88' lang='lat' dir='ltr'><strong>rediret</strong></span> 
     </span>
    </p>

    <p class='ocr_par' dir='ltr' id='par_1_9' title="bbox 544 2586 1316 2667">
     <span class='ocr_line' id='line_1_15' title="bbox 544 2586 1316 2667; baseline -0.005 -17"><span class='ocrx_word' id='word_1_62' title='bbox 544 2587 704 2650; x_wconf 75' lang='lat' dir='ltr'><strong>Secutum</strong></span> <span class='ocrx_word' id='word_1_63' title='bbox 722 2586 874 2667; x_wconf 88' lang='lat' dir='ltr'><strong>Pyrrhae</strong></span> <span class='ocrx_word' id='word_1_64' title='bbox 889 2605 981 2648; x_wconf 89' lang='lat' dir='ltr'><strong>nova</strong></span> <span class='ocrx_word' id='word_1_65' title='bbox 993 2598 1150 2646; x_wconf 89' lang='lat' dir='ltr'><strong>monstra</strong></span> <span class='ocrx_word' id='word_1_66' title='bbox 1164 2593 1316 2665; x_wconf 88' lang='lat' dir='ltr'><strong>questae‚</strong></span> 
     </span>
    </p>

    <p class='ocr_par' dir='ltr' id='par_1_10' title="bbox 542 2700 1217 2877">
     <span class='ocr_line' id='line_1_16' title="bbox 542 2700 1217 2780; baseline 0 -19"><span class='ocrx_word' id='word_1_67' title='bbox 542 2702 654 2762; x_wconf 92' lang='lat' dir='ltr'><strong>Omne</strong></span> <span class='ocrx_word' id='word_1_68' title='bbox 669 2719 748 2761; x_wconf 89' lang='lat' dir='ltr'><strong>cum</strong></span> <span class='ocrx_word' id='word_1_69' title='bbox 764 2701 909 2762; x_wconf 89' lang='lat' dir='ltr'><strong>Proteus</strong></span> <span class='ocrx_word' id='word_1_70' title='bbox 923 2718 1030 2780; x_wconf 92' lang='lat' dir='ltr'><strong>pecus</strong></span> <span class='ocrx_word' id='word_1_71' title='bbox 1041 2700 1114 2778; x_wconf 87' lang='lat' dir='ltr'><strong>egit</strong></span> <span class='ocrx_word' id='word_1_72' title='bbox 1128 2700 1217 2761; x_wconf 91' lang='lat' dir='ltr'><strong>altos</strong></span> 
     </span>
     <span class='ocr_line' id='line_1_17' title="bbox 663 2814 944 2877; baseline 0 -1"><span class='ocrx_word' id='word_1_73' title='bbox 663 2814 786 2877; x_wconf 88' lang='lat' dir='ltr'><strong>Visere</strong></span> <span class='ocrx_word' id='word_1_74' title='bbox 799 2821 944 2877; x_wconf 91' lang='lat' dir='ltr'><strong>montes.</strong></span> 
     </span>
    </p>

    <p class='ocr_par' dir='ltr' id='par_1_11' title="bbox 543 2927 1249 3009">
     <span class='ocr_line' id='line_1_18' title="bbox 543 2927 1249 3009; baseline -0.004 -19"><span class='ocrx_word' id='word_1_75' title='bbox 543 2930 692 2992; x_wconf 83' lang='lat' dir='ltr'><strong>Piscium</strong></span> <span class='ocrx_word' id='word_1_76' title='bbox 706 2936 742 2991; x_wconf 91' lang='lat' dir='ltr'><strong>et</strong></span> <span class='ocrx_word' id='word_1_77' title='bbox 752 2947 889 2991; x_wconf 89' lang='lat' dir='ltr'><strong>summa</strong></span> <span class='ocrx_word' id='word_1_78' title='bbox 903 2947 1015 3009; x_wconf 88' lang='lat' dir='ltr'><strong>genus</strong></span> <span class='ocrx_word' id='word_1_79' title='bbox 1027 2927 1140 2989; x_wconf 86' lang='lat' dir='ltr'><strong>haesit</strong></span> <span class='ocrx_word' id='word_1_80' title='bbox 1154 2927 1249 2988; x_wconf 91' lang='lat' dir='ltr'><strong>ulmo</strong></span> 
     </span>
    </p>

    <p class='ocr_par' dir='ltr' id='par_1_12' title="bbox 544 3040 1173 3122">
     <span class='ocr_line' id='line_1_19' title="bbox 544 3040 1173 3122; baseline -0.005 -17"><span class='ocrx_word' id='word_1_81' title='bbox 544 3045 636 3105; x_wconf 94' lang='lat' dir='ltr'><strong>Nota</strong></span> <span class='ocrx_word' id='word_1_82' title='bbox 651 3062 739 3122; x_wconf 91' lang='lat' dir='ltr'><strong>quae</strong></span> <span class='ocrx_word' id='word_1_83' title='bbox 754 3042 854 3104; x_wconf 92' lang='lat' dir='ltr'><strong>sedes</strong></span> <span class='ocrx_word' id='word_1_84' title='bbox 865 3043 981 3104; x_wconf 79' lang='lat' dir='ltr'><strong>fuerat</strong></span> <span class='ocrx_word' id='word_1_85' title='bbox 996 3040 1173 3118; x_wconf 72' lang='lat' dir='ltr'><strong>columbis</strong></span> 
     </span>
    </p>

    <p class='ocr_par' dir='ltr' id='par_1_13' title="bbox 543 3157 1143 3351">
     <span class='ocr_line' id='line_1_20' title="bbox 543 3157 1143 3237; baseline -0.002 -18"><span class='ocrx_word' id='word_1_86' title='bbox 543 3159 588 3219; x_wconf 87' lang='lat' dir='ltr'><strong>Et</strong></span> <span class='ocrx_word' id='word_1_87' title='bbox 598 3158 797 3237; x_wconf 85' lang='lat' dir='ltr'><strong>superjecto</strong></span> <span class='ocrx_word' id='word_1_88' title='bbox 812 3157 959 3237; x_wconf 90' lang='lat' dir='ltr'><strong>pavidae</strong></span> <span class='ocrx_word' id='word_1_89' title='bbox 974 3164 1143 3219; x_wconf 92' lang='lat' dir='ltr'><strong>natarunt</strong></span> 
     </span>
     <span class='ocr_line' id='line_1_21' title="bbox 660 3271 967 3351; baseline 0.003 -19"><span class='ocrx_word' id='word_1_90' title='bbox 660 3272 823 3351; x_wconf 89' lang='lat' dir='ltr'><strong>Aequore</strong></span> <span class='ocrx_word' id='word_1_91' title='bbox 835 3271 967 3334; x_wconf 89' lang='lat' dir='ltr'><strong>damae.</strong></span> 
     </span>
    </p>

    <p class='ocr_par' dir='ltr' id='par_1_14' title="bbox 540 3385 1176 3448">
     <span class='ocr_line' id='line_1_22' title="bbox 540 3385 1176 3448; baseline 0.003 -2"><span class='ocrx_word' id='word_1_92' title='bbox 540 3385 702 3447; x_wconf 90' lang='lat' dir='ltr'><strong>Vidimus</strong></span> <span class='ocrx_word' id='word_1_93' title='bbox 716 3385 845 3448; x_wconf 90' lang='lat' dir='ltr'><strong>flavum</strong></span> <span class='ocrx_word' id='word_1_94' title='bbox 861 3386 1019 3447; x_wconf 82' lang='lat' dir='ltr'><strong>Tiberim</strong></span> <span class='ocrx_word' id='word_1_95' title='bbox 1034 3386 1176 3448; x_wconf 90' lang='lat' dir='ltr'><strong>retortis</strong></span> 
     </span>
    </p>

    <p class='ocr_par' dir='ltr' id='par_1_15' title="bbox 543 3500 1137 3562">
     <span class='ocr_line' id='line_1_23' title="bbox 543 3500 1137 3562; baseline 0 -1"><span class='ocrx_word' id='word_1_96' title='bbox 543 3500 677 3561; x_wconf 88' lang='lat' dir='ltr'><strong>Littore</strong></span> <span class='ocrx_word' id='word_1_97' title='bbox 693 3501 840 3562; x_wconf 87' lang='lat' dir='ltr'><strong>Etrusco</strong></span> <span class='ocrx_word' id='word_1_98' title='bbox 851 3500 1024 3562; x_wconf 89' lang='lat' dir='ltr'><strong>violenter</strong></span> <span class='ocrx_word' id='word_1_99' title='bbox 1034 3500 1137 3562; x_wconf 91' lang='lat' dir='ltr'><strong>undis</strong></span> 
     </span>
    </p>

    <p class='ocr_par' dir='ltr' id='par_1_16' title="bbox 543 3613 1136 3809">
     <span class='ocr_line' id='line_1_24' title="bbox 543 3613 1136 3694; baseline 0.002 -20"><span class='ocrx_word' id='word_1_100' title='bbox 543 3615 598 3674; x_wconf 89' lang='lat' dir='ltr'><strong>Ire</strong></span> <span class='ocrx_word' id='word_1_101' title='bbox 612 3613 787 3692; x_wconf 85' lang='lat' dir='ltr'><strong>dejectum</strong></span> <span class='ocrx_word' id='word_1_102' title='bbox 801 3622 1030 3676; x_wconf 92' lang='lat' dir='ltr'><strong>monumenta</strong></span> <span class='ocrx_word' id='word_1_103' title='bbox 1041 3614 1136 3694; x_wconf 85' lang='lat' dir='ltr'><strong>regis</strong></span> 
     </span>
     <span class='ocr_line' id='line_1_25' title="bbox 661 3729 1040 3809; baseline 0.005 -21"><span class='ocrx_word' id='word_1_104' title='bbox 661 3729 876 3809; x_wconf 82' lang='lat' dir='ltr'><strong>Templaque</strong></span> <span class='ocrx_word' id='word_1_105' title='bbox 890 3729 1018 3790; x_wconf 92' lang='lat' dir='ltr'><strong>Vestae</strong></span> <span class='ocrx_word' id='word_1_106' title='bbox 1033 3752 1040 3806; x_wconf 93' lang='lat'>;</span> 
     </span>
    </p>

    <p class='ocr_par' dir='ltr' id='par_1_17' title="bbox 543 3824 1108 3923">
     <span class='ocr_line' id='line_1_26' title="bbox 543 3824 1108 3923; baseline 0.002 -21"><span class='ocrx_word' id='word_1_107' title='bbox 543 3842 627 3903; x_wconf 94' lang='lat' dir='ltr'><strong>Iliae</strong></span> <span class='ocrx_word' id='word_1_108' title='bbox 639 3841 721 3902; x_wconf 91' lang='lat' dir='ltr'><strong>dum</strong></span> <span class='ocrx_word' id='word_1_109' title='bbox 737 3860 774 3904; x_wconf 92' lang='lat' dir='ltr'><strong>se</strong></span> <span class='ocrx_word' id='word_1_110' title='bbox 788 3842 936 3904; x_wconf 91' lang='lat' dir='ltr'><strong>nimium</strong></span> <span class='ocrx_word' id='word_1_111' title='bbox 946 3824 1108 3923; x_wconf 89' lang='lat' dir='ltr'><strong>querenti</strong></span> 
     </span>
    </p>

    <p class='ocr_par' dir='ltr' id='par_1_18' title="bbox 540 3955 1148 4036">
     <span class='ocr_line' id='line_1_27' title="bbox 540 3955 1148 4036; baseline 0.005 -21"><span class='ocrx_word' id='word_1_112' title='bbox 540 3955 657 4035; x_wconf 91' lang='lat' dir='ltr'><strong>Jactat</strong></span> <span class='ocrx_word' id='word_1_113' title='bbox 667 3955 827 4032; x_wconf 89' lang='lat' dir='ltr'><strong>ultorem,</strong></span> <span class='ocrx_word' id='word_1_114' title='bbox 837 3975 949 4036; x_wconf 86' lang='lat' dir='ltr'><strong>vagus</strong></span> <span class='ocrx_word' id='word_1_115' title='bbox 958 3964 994 4018; x_wconf 90' lang='lat' dir='ltr'><strong>et</strong></span> <span class='ocrx_word' id='word_1_116' title='bbox 1008 3956 1148 4018; x_wconf 90' lang='lat' dir='ltr'><strong>sinistra</strong></span> 
     </span>
    </p>

    <p class='ocr_par' dir='ltr' id='par_1_19' title="bbox 543 4069 1197 4250">
     <span class='ocr_line' id='line_1_28' title="bbox 543 4069 1197 4151; baseline 0.003 -21"><span class='ocrx_word' id='word_1_117' title='bbox 543 4069 690 4131; x_wconf 89' lang='lat' dir='ltr'><strong>Labitur</strong></span> <span class='ocrx_word' id='word_1_118' title='bbox 703 4069 780 4149; x_wconf 87' lang='lat' dir='ltr'><strong>ripa</strong></span> <span class='ocrx_word' id='word_1_119' title='bbox 792 4071 880 4151; x_wconf 92' lang='lat' dir='ltr'><strong>Jove</strong></span> <span class='ocrx_word' id='word_1_120' title='bbox 894 4088 964 4132; x_wconf 93' lang='lat' dir='ltr'><strong>non</strong></span> <span class='ocrx_word' id='word_1_121' title='bbox 978 4071 1149 4150; x_wconf 87' lang='lat' dir='ltr'><strong>probante</strong></span> <span class='ocrx_word' id='word_1_122' title='bbox 1160 4089 1197 4131; x_wconf 92' lang='lat' dir='ltr'><strong>u·</strong></span> 
     </span>
     <span class='ocr_line' id='line_1_29' title="bbox 661 4185 913 4250; baseline 0.016 -4"><span class='ocrx_word' id='word_1_123' title='bbox 661 4185 779 4248; x_wconf 87' lang='lat' dir='ltr'><strong>xorius</strong></span> <span class='ocrx_word' id='word_1_124' title='bbox 794 4185 913 4250; x_wconf 88' lang='lat' dir='ltr'><strong>amnis.</strong></span> 
     </span>
    </p>
   </div>
   <div class='ocr_carea' id='block_1_5' title="bbox 0 0 1767 5750">
    <p class='ocr_par' dir='ltr' id='par_1_20' title="bbox 0 0 1767 5750">
     <span class='ocr_line' id='line_1_30' title="bbox 0 0 1767 5750; baseline 0 0"><span class='ocrx_word' id='word_1_125' title='bbox 0 0 1767 5750; x_wconf 95' lang='lat' dir='ltr'><strong> </strong></span> 
     </span>
    </p>
   </div>
  </div>
 </body>
</html>
