<?xml version="1.0" encoding="UTF-8"?>
<!DOCTYPE html PUBLIC "-//W3C//DTD XHTML 1.0 Transitional//EN"
    "http://www.w3.org/TR/xhtml1/DTD/xhtml1-transitional.dtd">
<html xmlns="http://www.w3.org/1999/xhtml" xml:lang="en" lang="en">
 <head>
  <title>
</title>
<meta http-equiv="Content-Type" content="text/html;charset=utf-8" />
  <meta name='ocr-system' content='tesseract 3.04.00' />
  <meta name='ocr-capabilities' content='ocr_page ocr_carea ocr_par ocr_line ocrx_word'/>
</head>
<body>
  <div class='ocr_page' id='page_1' title='image "./horacehislifefr00horagoog_0050.png"; bbox 0 0 3509 5750; ppageno 0'>
   <div class='ocr_carea' id='block_1_1' title="bbox 908 699 944 756">
    <p class='ocr_par' dir='ltr' id='par_1_1' title="bbox 908 699 944 756">
     <span class='ocr_line' id='line_1_1' title="bbox 908 699 944 756; baseline 0 0"><span class='ocrx_word' id='word_1_1' title='bbox 908 699 944 756; x_wconf 78' lang='lat'><strong>42</strong></span> 
     </span>
    </p>
   </div>
   <div class='ocr_carea' id='block_1_2' title="bbox 284 870 1318 2323">
    <p class='ocr_par' dir='ltr' id='par_1_2' title="bbox 288 870 1314 1526">
     <span class='ocr_line' id='line_1_2' title="bbox 288 870 1314 954; baseline 0.004 -22"><span class='ocrx_word' id='word_1_2' title='bbox 288 870 355 951; x_wconf 74' lang='lat'><strong>34*</strong></span> <span class='ocrx_word' id='word_1_3' title='bbox 397 870 415 904; x_wconf 67' lang='lat' dir='ltr'><strong>s</strong></span> <span class='ocrx_word' id='word_1_4' title='bbox 457 873 476 913; x_wconf 86' lang='lat'><strong>*</strong></span> <span class='ocrx_word' id='word_1_5' title='bbox 518 871 651 951; x_wconf 91' lang='lat' dir='ltr'><strong>Sequor</strong></span> <span class='ocrx_word' id='word_1_6' title='bbox 665 873 767 948; x_wconf 90' lang='lat' dir='ltr'><strong>hunc,</strong></span> <span class='ocrx_word' id='word_1_7' title='bbox 785 871 945 933; x_wconf 91' lang='lat' dir='ltr'><strong>Lucanus</strong></span> <span class='ocrx_word' id='word_1_8' title='bbox 961 892 1005 933; x_wconf 91' lang='lat' dir='ltr'><strong>an</strong></span> <span class='ocrx_word' id='word_1_9' title='bbox 1017 873 1154 953; x_wconf 88' lang='lat' dir='ltr'>Apulus</span> <span class='ocrx_word' id='word_1_10' title='bbox 1168 892 1314 954; x_wconf 86' lang='lat' dir='ltr'><strong>anceps:</strong></span> 
     </span>
     <span class='ocr_line' id='line_1_3' title="bbox 337 986 1298 1068; baseline 0.003 -21"><span class='ocrx_word' id='word_1_11' title='bbox 337 987 369 1047; x_wconf 93' lang='lat' dir='ltr'>N</span> <span class='ocrx_word' id='word_1_12' title='bbox 371 1005 427 1047; x_wconf 88' lang='lat' dir='ltr'><strong>am</strong></span> <span class='ocrx_word' id='word_1_13' title='bbox 442 986 643 1048; x_wconf 89' lang='lat' dir='ltr'><strong>Venusinus</strong></span> <span class='ocrx_word' id='word_1_14' title='bbox 657 994 732 1048; x_wconf 88' lang='lat' dir='ltr'><strong>arat</strong></span> <span class='ocrx_word' id='word_1_15' title='bbox 743 987 849 1048; x_wconf 89' lang='lat' dir='ltr'><strong>finem</strong></span> <span class='ocrx_word' id='word_1_16' title='bbox 862 989 927 1049; x_wconf 92' lang='lat' dir='ltr'><strong>sub</strong></span> <span class='ocrx_word' id='word_1_17' title='bbox 942 995 1132 1068; x_wconf 89' lang='lat' dir='ltr'><strong>utrumque</strong></span> <span class='ocrx_word' id='word_1_18' title='bbox 1149 990 1298 1065; x_wconf 71' lang='lat' dir='ltr'><strong>colonus</strong></span> 
     </span>
     <span class='ocr_line' id='line_1_4' title="bbox 336 1101 1253 1182; baseline 0.003 -20"><span class='ocrx_word' id='word_1_19' title='bbox 336 1103 462 1163; x_wconf 91' lang='lat' dir='ltr'><strong>Missus</strong></span> <span class='ocrx_word' id='word_1_20' title='bbox 473 1101 517 1161; x_wconf 98' lang='lat' dir='ltr'><strong>ad</strong></span> <span class='ocrx_word' id='word_1_21' title='bbox 532 1102 597 1162; x_wconf 92' lang='lat' dir='ltr'><strong>hoc</strong></span> <span class='ocrx_word' id='word_1_22' title='bbox 608 1101 725 1181; x_wconf 90' lang='lat' dir='ltr'><strong>pulsis,</strong></span> <span class='ocrx_word' id='word_1_23' title='bbox 740 1109 842 1163; x_wconf 88' lang='lat' dir='ltr'><strong>vetus</strong></span> <span class='ocrx_word' id='word_1_24' title='bbox 858 1109 912 1163; x_wconf 91' lang='lat' dir='ltr'><strong>est</strong></span> <span class='ocrx_word' id='word_1_25' title='bbox 924 1109 963 1163; x_wconf 89' lang='lat' dir='ltr'><strong>ut</strong></span> <span class='ocrx_word' id='word_1_26' title='bbox 974 1103 1079 1181; x_wconf 80' lang='lat' dir='ltr'><strong>fama,</strong></span> <span class='ocrx_word' id='word_1_27' title='bbox 1096 1104 1253 1182; x_wconf 67' lang='lat' dir='ltr'><strong>Sabellis</strong></span> 
     </span>
     <span class='ocr_line' id='line_1_5' title="bbox 336 1216 1229 1296; baseline 0.001 -18"><span class='ocrx_word' id='word_1_28' title='bbox 336 1217 411 1296; x_wconf 86' lang='lat' dir='ltr'><strong>Quo</strong></span> <span class='ocrx_word' id='word_1_29' title='bbox 425 1235 470 1276; x_wconf 91' lang='lat' dir='ltr'><strong>ne</strong></span> <span class='ocrx_word' id='word_1_30' title='bbox 485 1234 548 1296; x_wconf 87' lang='lat' dir='ltr'><strong>per</strong></span> <span class='ocrx_word' id='word_1_31' title='bbox 561 1233 710 1277; x_wconf 90' lang='lat' dir='ltr'><strong>vacuum</strong></span> <span class='ocrx_word' id='word_1_32' title='bbox 726 1217 887 1278; x_wconf 90' lang='lat' dir='ltr'><strong>Romano</strong></span> <span class='ocrx_word' id='word_1_33' title='bbox 901 1216 1095 1279; x_wconf 87' lang='lat' dir='ltr'>incurreret</span> <span class='ocrx_word' id='word_1_34' title='bbox 1111 1218 1229 1294; x_wconf 73' lang='lat' dir='ltr'><strong>hostis</strong></span> 
     </span>
     <span class='ocr_line' id='line_1_6' title="bbox 336 1330 1258 1411; baseline 0.001 -19"><span class='ocrx_word' id='word_1_35' title='bbox 336 1331 416 1392; x_wconf 87' lang='lat' dir='ltr'><strong>Sive</strong></span> <span class='ocrx_word' id='word_1_36' title='bbox 436 1330 527 1411; x_wconf 90' lang='lat' dir='ltr'><strong>quod</strong></span> <span class='ocrx_word' id='word_1_37' title='bbox 542 1330 659 1409; x_wconf 88' lang='lat' dir='ltr'><strong>Apula</strong></span> <span class='ocrx_word' id='word_1_38' title='bbox 670 1348 757 1406; x_wconf 85' lang='lat' dir='ltr'><strong>gens</strong></span> <span class='ocrx_word' id='word_1_39' title='bbox 772 1349 833 1391; x_wconf 89' lang='lat' dir='ltr'><strong>seu</strong></span> <span class='ocrx_word' id='word_1_40' title='bbox 848 1332 941 1410; x_wconf 91' lang='lat' dir='ltr'><strong>quod</strong></span> <span class='ocrx_word' id='word_1_41' title='bbox 957 1331 1113 1393; x_wconf 91' lang='lat' dir='ltr'><strong>Lucania</strong></span> <span class='ocrx_word' id='word_1_42' title='bbox 1127 1332 1258 1393; x_wconf 91' lang='lat' dir='ltr'><strong>bellum</strong></span> 
     </span>
     <span class='ocr_line' id='line_1_7' title="bbox 335 1444 1312 1526; baseline 0 -20"><span class='ocrx_word' id='word_1_43' title='bbox 335 1446 511 1507; x_wconf 89' lang='lat' dir='ltr'><strong>Incuteret</strong></span> <span class='ocrx_word' id='word_1_44' title='bbox 525 1444 686 1507; x_wconf 90' lang='lat' dir='ltr'><strong>violenta.</strong></span> <span class='ocrx_word' id='word_1_45' title='bbox 730 1445 799 1506; x_wconf 89' lang='lat' dir='ltr'><strong>Sed</strong></span> <span class='ocrx_word' id='word_1_46' title='bbox 807 1445 865 1506; x_wconf 91' lang='lat' dir='ltr'><strong>hic</strong></span> <span class='ocrx_word' id='word_1_47' title='bbox 880 1445 981 1507; x_wconf 90' lang='lat' dir='ltr'><strong>stilus</strong></span> <span class='ocrx_word' id='word_1_48' title='bbox 997 1445 1089 1507; x_wconf 89' lang='lat' dir='ltr'><strong>haud</strong></span> <span class='ocrx_word' id='word_1_49' title='bbox 1110 1453 1207 1526; x_wconf 91' lang='lat' dir='ltr'><strong>petet</strong></span> <span class='ocrx_word' id='word_1_50' title='bbox 1219 1447 1312 1507; x_wconf 90' lang='lat' dir='ltr'><strong>ultro</strong></span> 
     </span>
    </p>

    <p class='ocr_par' dir='ltr' id='par_1_3' title="bbox 284 1533 1318 1982">
     <span class='ocr_line' id='line_1_8' title="bbox 284 1533 1318 1669; baseline 0.001 -49"><span class='ocrx_word' id='word_1_51' title='bbox 284 1616 324 1669; x_wconf 73' lang='lat'><strong>40</strong></span> <span class='ocrx_word' id='word_1_52' title='bbox 335 1533 551 1640; x_wconf 85' lang='lat' dir='ltr'><strong>Quemquam</strong></span> <span class='ocrx_word' id='word_1_53' title='bbox 567 1559 780 1620; x_wconf 89' lang='lat' dir='ltr'><strong>animantem</strong></span> <span class='ocrx_word' id='word_1_54' title='bbox 795 1567 830 1621; x_wconf 88' lang='lat' dir='ltr'><strong>et</strong></span> <span class='ocrx_word' id='word_1_55' title='bbox 842 1579 897 1621; x_wconf 91' lang='lat' dir='ltr'><strong>me</strong></span> <span class='ocrx_word' id='word_1_56' title='bbox 913 1559 1023 1621; x_wconf 90' lang='lat' dir='ltr'><strong>veluti</strong></span> <span class='ocrx_word' id='word_1_57' title='bbox 1038 1561 1211 1622; x_wconf 85' lang='lat' dir='ltr'><strong>custodiet</strong></span> <span class='ocrx_word' id='word_1_58' title='bbox 1226 1560 1318 1622; x_wconf 91' lang='lat' dir='ltr'><strong>ensis</strong></span> 
     </span>
     <span class='ocr_line' id='line_1_9' title="bbox 333 1673 1153 1754; baseline 0 -20"><span class='ocrx_word' id='word_1_59' title='bbox 333 1673 470 1752; x_wconf 85' lang='lat' dir='ltr'><strong>Vagina</strong></span> <span class='ocrx_word' id='word_1_60' title='bbox 482 1680 593 1735; x_wconf 88' lang='lat' dir='ltr'><strong>tectus</strong></span> <span class='ocrx_word' id='word_1_61' title='bbox 607 1697 615 1749; x_wconf 91' lang='grc'><strong>;</strong></span> <span class='ocrx_word' id='word_1_62' title='bbox 637 1692 740 1753; x_wconf 91' lang='lat' dir='ltr'><strong>quem</strong></span> <span class='ocrx_word' id='word_1_63' title='bbox 755 1692 815 1734; x_wconf 89' lang='lat' dir='ltr'><strong>cur</strong></span> <span class='ocrx_word' id='word_1_64' title='bbox 830 1674 1037 1754; x_wconf 85' lang='lat' dir='ltr'><strong>distringere</strong></span> <span class='ocrx_word' id='word_1_65' title='bbox 1047 1693 1153 1736; x_wconf 93' lang='lat' dir='ltr'><strong>coner</strong></span> 
     </span>
     <span class='ocr_line' id='line_1_10' title="bbox 333 1787 1199 1867; baseline -0.001 -18"><span class='ocrx_word' id='word_1_66' title='bbox 333 1789 445 1849; x_wconf 90' lang='lat' dir='ltr'><strong>Tutus</strong></span> <span class='ocrx_word' id='word_1_67' title='bbox 454 1789 498 1849; x_wconf 94' lang='lat' dir='ltr'><strong>ab</strong></span> <span class='ocrx_word' id='word_1_68' title='bbox 512 1787 650 1849; x_wconf 79' lang='lat' dir='ltr'><strong>infestis</strong></span> <span class='ocrx_word' id='word_1_69' title='bbox 665 1788 881 1850; x_wconf 83' lang='lat' dir='ltr'><strong>latronibus?</strong></span> <span class='ocrx_word' id='word_1_70' title='bbox 924 1788 953 1848; x_wconf 96' lang='lat' dir='ltr'>O</span> <span class='ocrx_word' id='word_1_71' title='bbox 969 1795 1070 1867; x_wconf 92' lang='lat' dir='ltr'><strong>pater</strong></span> <span class='ocrx_word' id='word_1_72' title='bbox 1088 1795 1122 1849; x_wconf 93' lang='lat' dir='ltr'><strong>et</strong></span> <span class='ocrx_word' id='word_1_73' title='bbox 1137 1806 1199 1849; x_wconf 83' lang='lat' dir='ltr'><strong>rex</strong></span> 
     </span>
     <span class='ocr_line' id='line_1_11' title="bbox 333 1900 1160 1982; baseline -0.001 -20"><span class='ocrx_word' id='word_1_74' title='bbox 333 1901 503 1982; x_wconf 90' lang='lat' dir='ltr'><strong>Juppiter,</strong></span> <span class='ocrx_word' id='word_1_75' title='bbox 518 1909 557 1963; x_wconf 90' lang='lat' dir='ltr'><strong>ut</strong></span> <span class='ocrx_word' id='word_1_76' title='bbox 570 1908 691 1981; x_wconf 86' lang='lat' dir='ltr'><strong>pereat</strong></span> <span class='ocrx_word' id='word_1_77' title='bbox 702 1902 853 1980; x_wconf 89' lang='lat' dir='ltr'><strong>positum</strong></span> <span class='ocrx_word' id='word_1_78' title='bbox 868 1900 1031 1980; x_wconf 87' lang='lat' dir='ltr'><strong>rubigine</strong></span> <span class='ocrx_word' id='word_1_79' title='bbox 1042 1902 1160 1978; x_wconf 89' lang='lat' dir='ltr'><strong>telum,</strong></span> 
     </span>
    </p>

    <p class='ocr_par' dir='ltr' id='par_1_4' title="bbox 334 2014 1268 2095">
     <span class='ocr_line' id='line_1_12' title="bbox 334 2014 1268 2095; baseline -0.001 -19"><span class='ocrx_word' id='word_1_80' title='bbox 334 2016 407 2077; x_wconf 90' lang='lat' dir='ltr'><strong>Nec</strong></span> <span class='ocrx_word' id='word_1_81' title='bbox 420 2016 601 2095; x_wconf 89' lang='lat' dir='ltr'><strong>quisquam</strong></span> <span class='ocrx_word' id='word_1_82' title='bbox 617 2022 738 2075; x_wconf 92' lang='lat' dir='ltr'><strong>noceat</strong></span> <span class='ocrx_word' id='word_1_83' title='bbox 750 2015 875 2094; x_wconf 89' lang='lat' dir='ltr'><strong>cupido</strong></span> <span class='ocrx_word' id='word_1_84' title='bbox 886 2014 972 2075; x_wconf 92' lang='lat' dir='ltr'><strong>mihi</strong></span> <span class='ocrx_word' id='word_1_85' title='bbox 987 2015 1081 2094; x_wconf 89' lang='lat' dir='ltr'><strong>pacis</strong></span> <span class='ocrx_word' id='word_1_86' title='bbox 1097 2020 1104 2078; x_wconf 79' lang='lat' dir='ltr'><strong>l</strong></span> <span class='ocrx_word' id='word_1_87' title='bbox 1147 2015 1195 2076; x_wconf 91' lang='lat' dir='ltr'><strong>At</strong></span> <span class='ocrx_word' id='word_1_88' title='bbox 1207 2015 1268 2076; x_wconf 92' lang='lat' dir='ltr'><strong>ille</strong></span> 
     </span>
    </p>

    <p class='ocr_par' dir='ltr' id='par_1_5' title="bbox 284 2128 1261 2323">
     <span class='ocr_line' id='line_1_13' title="bbox 284 2128 1261 2235; baseline -0.001 -45"><span class='ocrx_word' id='word_1_89' title='bbox 284 2174 320 2235; x_wconf 74' lang='lat'><strong>45</strong></span> <span class='ocrx_word' id='word_1_90' title='bbox 334 2130 401 2209; x_wconf 83' lang='lat' dir='ltr'><strong>Qui</strong></span> <span class='ocrx_word' id='word_1_91' title='bbox 411 2148 467 2190; x_wconf 90' lang='lat' dir='ltr'><strong>me</strong></span> <span class='ocrx_word' id='word_1_92' title='bbox 482 2128 838 2206; x_wconf 90' lang='lat' dir='ltr'><strong>commorit‚-melius</strong></span> <span class='ocrx_word' id='word_1_93' title='bbox 853 2147 924 2189; x_wconf 91' lang='lat' dir='ltr'><strong>non</strong></span> <span class='ocrx_word' id='word_1_94' title='bbox 935 2136 1081 2208; x_wconf 89' lang='lat' dir='ltr'><strong>tangere</strong></span> <span class='ocrx_word' id='word_1_95' title='bbox 1097 2134 1104 2190; x_wconf 87' lang='lat'>!</span> <span class='ocrx_word' id='word_1_96' title='bbox 1127 2128 1261 2203; x_wconf 85' lang='lat' dir='ltr'><strong>clamo;</strong></span> 
     </span>
     <span class='ocr_line' id='line_1_14' title="bbox 334 2243 1067 2323; baseline 0 -18"><span class='ocrx_word' id='word_1_97' title='bbox 334 2244 448 2305; x_wconf 89' lang='lat' dir='ltr'><strong>Flebit</strong></span> <span class='ocrx_word' id='word_1_98' title='bbox 462 2250 497 2305; x_wconf 92' lang='lat' dir='ltr'><strong>et</strong></span> <span class='ocrx_word' id='word_1_99' title='bbox 511 2243 658 2323; x_wconf 88' lang='lat' dir='ltr'><strong>insignis</strong></span> <span class='ocrx_word' id='word_1_100' title='bbox 672 2249 745 2304; x_wconf 91' lang='lat' dir='ltr'><strong>tota</strong></span> <span class='ocrx_word' id='word_1_101' title='bbox 760 2243 957 2304; x_wconf 89' lang='lat' dir='ltr'><strong>cantabitur</strong></span> <span class='ocrx_word' id='word_1_102' title='bbox 971 2244 1067 2305; x_wconf 91' lang='lat' dir='ltr'><strong>urbe.</strong></span> 
     </span>
    </p>
   </div>
   <div class='ocr_carea' id='block_1_3' title="bbox 485 2389 1349 2432">
    <p class='ocr_par' dir='ltr' id='par_1_6' title="bbox 485 2389 1349 2432">
     <span class='ocr_line' id='line_1_15' title="bbox 485 2389 1349 2432; baseline 0.012 -10"><span class='ocrx_word' id='word_1_103' title='bbox 485 2393 504 2432; x_wconf 65' lang='grc' dir='ltr'><strong>ιιι</strong></span> <span class='ocrx_word' id='word_1_104' title='bbox 626 2389 644 2424; x_wconf 66' lang='lat' dir='ltr'><strong>te</strong></span> <span class='ocrx_word' id='word_1_105' title='bbox 766 2389 785 2424; x_wconf 67' lang='lat' dir='ltr'><strong>’k</strong></span> <span class='ocrx_word' id='word_1_106' title='bbox 908 2389 926 2423; x_wconf 74' lang='lat' dir='ltr'><strong>&#39;k</strong></span> <span class='ocrx_word' id='word_1_107' title='bbox 1048 2393 1067 2432; x_wconf 67' lang='grc' dir='ltr'><strong>ιιι</strong></span> <span class='ocrx_word' id='word_1_108' title='bbox 1189 2389 1208 2423; x_wconf 66' lang='lat' dir='ltr'><strong>&#39;¹t</strong></span> <span class='ocrx_word' id='word_1_109' title='bbox 1330 2392 1349 2431; x_wconf 69' lang='lat' dir='ltr'>ss</span> 
     </span>
    </p>
   </div>
   <div class='ocr_carea' id='block_1_4' title="bbox 332 2503 1128 2698">
    <p class='ocr_par' dir='ltr' id='par_1_7' title="bbox 332 2503 1128 2698">
     <span class='ocr_line' id='line_1_16' title="bbox 374 2503 1002 2583; baseline 0.002 -18"><span class='ocrx_word' id='word_1_110' title='bbox 374 2504 392 2538; x_wconf 62' lang='lat'><strong>⁴*</strong></span> <span class='ocrx_word' id='word_1_111' title='bbox 434 2504 452 2538; x_wconf 67' lang='lat' dir='ltr'><strong>s</strong></span> <span class='ocrx_word' id='word_1_112' title='bbox 493 2522 554 2565; x_wconf 88' lang='lat' dir='ltr'><strong>seu</strong></span> <span class='ocrx_word' id='word_1_113' title='bbox 568 2523 625 2565; x_wconf 90' lang='lat' dir='ltr'><strong>me</strong></span> <span class='ocrx_word' id='word_1_114' title='bbox 637 2503 825 2583; x_wconf 89' lang='lat' dir='ltr'><strong>tranquilla</strong></span> <span class='ocrx_word' id='word_1_115' title='bbox 841 2511 1002 2566; x_wconf 87' lang='lat' dir='ltr'><strong>senectus</strong></span> 
     </span>
     <span class='ocr_line' id='line_1_17' title="bbox 332 2616 1128 2698; baseline -0.003 -19"><span class='ocrx_word' id='word_1_116' title='bbox 332 2620 520 2698; x_wconf 84' lang='lat' dir='ltr'><strong>Exspectat</strong></span> <span class='ocrx_word' id='word_1_117' title='bbox 535 2635 595 2679; x_wconf 91' lang='lat' dir='ltr'><strong>seu</strong></span> <span class='ocrx_word' id='word_1_118' title='bbox 606 2617 699 2679; x_wconf 90' lang='lat' dir='ltr'><strong>Mors</strong></span> <span class='ocrx_word' id='word_1_119' title='bbox 715 2617 797 2678; x_wconf 89' lang='lat' dir='ltr'><strong>atris</strong></span> <span class='ocrx_word' id='word_1_120' title='bbox 812 2616 1039 2679; x_wconf 88' lang='lat' dir='ltr'><strong>circumvolat</strong></span> <span class='ocrx_word' id='word_1_121' title='bbox 1053 2617 1128 2694; x_wconf 70' lang='lat' dir='ltr'><strong>alis</strong></span> 
     </span>
    </p>
   </div>
   <div class='ocr_carea' id='block_1_5' title="bbox 329 2730 1251 3608">
    <p class='ocr_par' dir='ltr' id='par_1_8' title="bbox 332 2730 1251 2926">
     <span class='ocr_line' id='line_1_18' title="bbox 333 2730 1251 2810; baseline 0 -19"><span class='ocrx_word' id='word_1_122' title='bbox 333 2732 448 2809; x_wconf 88' lang='lat' dir='ltr'><strong>Dives,</strong></span> <span class='ocrx_word' id='word_1_123' title='bbox 459 2731 568 2810; x_wconf 68' lang='lat' dir='ltr'><strong>inops</strong></span> <span class='ocrx_word' id='word_1_124' title='bbox 592 2732 732 2807; x_wconf 87' lang='lat' dir='ltr'><strong>Romae,</strong></span> <span class='ocrx_word' id='word_1_125' title='bbox 755 2748 817 2791; x_wconf 90' lang='lat' dir='ltr'><strong>seu</strong></span> <span class='ocrx_word' id='word_1_126' title='bbox 831 2730 964 2792; x_wconf 80' lang='lat' dir='ltr'><strong>forsita</strong></span> <span class='ocrx_word' id='word_1_127' title='bbox 977 2731 1129 2810; x_wconf 85' lang='lat' dir='ltr'><strong>jusserit,</strong></span> <span class='ocrx_word' id='word_1_128' title='bbox 1143 2731 1251 2808; x_wconf 82' lang='lat' dir='ltr'><strong>exsul,</strong></span> 
     </span>
     <span class='ocr_line' id='line_1_19' title="bbox 332 2844 1169 2926; baseline -0.002 -19"><span class='ocrx_word' id='word_1_129' title='bbox 332 2845 495 2926; x_wconf 86' lang='lat' dir='ltr'><strong>Quisquis</strong></span> <span class='ocrx_word' id='word_1_130' title='bbox 510 2845 574 2906; x_wconf 89' lang='lat' dir='ltr'><strong>erit</strong></span> <span class='ocrx_word' id='word_1_131' title='bbox 588 2845 681 2907; x_wconf 84' lang='lat' dir='ltr'><strong>vitae</strong></span> <span class='ocrx_word' id='word_1_132' title='bbox 695 2844 845 2906; x_wconf 91' lang='lat' dir='ltr'><strong>scribam</strong></span> <span class='ocrx_word' id='word_1_133' title='bbox 860 2845 986 2907; x_wconf 90' lang='lat' dir='ltr'><strong>color.”</strong></span> <span class='ocrx_word' id='word_1_134' title='bbox 1028 2844 1047 2878; x_wconf 77' lang='lat'><em>*</em></span> <span class='ocrx_word' id='word_1_135' title='bbox 1090 2844 1108 2879; x_wconf 66' lang='lat' dir='ltr'><strong>s</strong></span> <span class='ocrx_word' id='word_1_136' title='bbox 1150 2844 1169 2878; x_wconf 77' lang='lat'><em>*</em></span> 
     </span>
    </p>

    <p class='ocr_par' dir='ltr' id='par_1_9' title="bbox 331 2958 1044 3038">
     <span class='ocr_line' id='line_1_20' title="bbox 331 2958 1044 3038; baseline 0.001 -20"><span class='ocrx_word' id='word_1_137' title='bbox 331 2960 350 2993; x_wconf 77' lang='lat'><em>*</em></span> <span class='ocrx_word' id='word_1_138' title='bbox 391 2959 410 2993; x_wconf 60' lang='lat'><strong>³*</strong></span> <span class='ocrx_word' id='word_1_139' title='bbox 449 2959 468 2992; x_wconf 65' lang='lat'><strong>⁴*</strong></span> <span class='ocrx_word' id='word_1_140' title='bbox 511 2958 688 3038; x_wconf 86' lang='lat' dir='ltr'><strong>Quidquid</strong></span> <span class='ocrx_word' id='word_1_141' title='bbox 702 2976 779 3020; x_wconf 91' lang='lat' dir='ltr'><strong>sum</strong></span> <span class='ocrx_word' id='word_1_142' title='bbox 791 2978 866 3038; x_wconf 88' lang='lat' dir='ltr'><strong>ego,</strong></span> <span class='ocrx_word' id='word_1_143' title='bbox 884 2960 1044 3038; x_wconf 90' lang='lat' dir='ltr'><strong>quamvis</strong></span> 
     </span>
    </p>

    <p class='ocr_par' dir='ltr' id='par_1_10' title="bbox 329 3071 1193 3489">
     <span class='ocr_line' id='line_1_21' title="bbox 330 3071 1193 3153; baseline 0 -20"><span class='ocrx_word' id='word_1_144' title='bbox 330 3073 428 3133; x_wconf 84' lang='lat' dir='ltr'><strong>Infra</strong></span> <span class='ocrx_word' id='word_1_145' title='bbox 443 3072 554 3135; x_wconf 91' lang='lat' dir='ltr'><strong>Lucili</strong></span> <span class='ocrx_word' id='word_1_146' title='bbox 568 3091 710 3134; x_wconf 87' lang='lat' dir='ltr'><strong>censum</strong></span> <span class='ocrx_word' id='word_1_147' title='bbox 724 3071 985 3153; x_wconf 84' lang='lat' dir='ltr'><strong>ingeniumque,</strong></span> <span class='ocrx_word' id='word_1_148' title='bbox 1001 3080 1122 3135; x_wconf 89' lang='lat' dir='ltr'><strong>tamen</strong></span> <span class='ocrx_word' id='word_1_149' title='bbox 1137 3091 1193 3133; x_wconf 89' lang='lat' dir='ltr'><strong>me</strong></span> 
     </span>
     <span class='ocr_line' id='line_1_22' title="bbox 330 3185 1135 3266; baseline -0.002 -17"><span class='ocrx_word' id='word_1_150' title='bbox 330 3186 417 3249; x_wconf 89' lang='lat' dir='ltr'><strong>Cum</strong></span> <span class='ocrx_word' id='word_1_151' title='bbox 430 3187 567 3266; x_wconf 88' lang='lat' dir='ltr'><strong>magnis</strong></span> <span class='ocrx_word' id='word_1_152' title='bbox 580 3186 710 3248; x_wconf 86' lang='lat' dir='ltr'><strong>vixisse</strong></span> <span class='ocrx_word' id='word_1_153' title='bbox 724 3185 835 3247; x_wconf 91' lang='lat' dir='ltr'><strong>invita</strong></span> <span class='ocrx_word' id='word_1_154' title='bbox 845 3186 1014 3248; x_wconf 80' lang='lat' dir='ltr'><strong>fatebitur</strong></span> <span class='ocrx_word' id='word_1_155' title='bbox 1023 3204 1135 3266; x_wconf 91' lang='lat' dir='ltr'><strong>usque</strong></span> 
     </span>
     <span class='ocr_line' id='line_1_23' title="bbox 329 3299 1151 3380; baseline 0.002 -20"><span class='ocrx_word' id='word_1_156' title='bbox 329 3299 473 3375; x_wconf 89' lang='lat' dir='ltr'><strong>Invidia,</strong></span> <span class='ocrx_word' id='word_1_157' title='bbox 485 3307 520 3361; x_wconf 94' lang='lat' dir='ltr'><strong>et</strong></span> <span class='ocrx_word' id='word_1_158' title='bbox 534 3299 650 3379; x_wconf 84' lang='lat' dir='ltr'><strong>fragili</strong></span> <span class='ocrx_word' id='word_1_159' title='bbox 660 3316 836 3380; x_wconf 62' lang='lat' dir='ltr'><strong>,quaerens</strong></span> <span class='ocrx_word' id='word_1_160' title='bbox 851 3299 990 3361; x_wconf 87' lang='lat' dir='ltr'><strong>illidere</strong></span> <span class='ocrx_word' id='word_1_161' title='bbox 1006 3300 1151 3362; x_wconf 90' lang='lat' dir='ltr'><strong>dentem</strong></span> 
     </span>
     <span class='ocr_line' id='line_1_24' title="bbox 330 3412 824 3489; baseline -0.002 -15"><span class='ocrx_word' id='word_1_162' title='bbox 330 3413 495 3474; x_wconf 85' lang='lat' dir='ltr'><strong>Offendet</strong></span> <span class='ocrx_word' id='word_1_163' title='bbox 509 3412 640 3489; x_wconf 90' lang='lat' dir='ltr'><strong>solido;</strong></span> <span class='ocrx_word' id='word_1_164' title='bbox 683 3413 702 3447; x_wconf 75' lang='lat'><em>*</em></span> <span class='ocrx_word' id='word_1_165' title='bbox 743 3413 762 3447; x_wconf 75' lang='lat'><em>*</em></span> <span class='ocrx_word' id='word_1_166' title='bbox 805 3412 824 3446; x_wconf 60' lang='lat'><strong>³*</strong></span> 
     </span>
    </p>

    <p class='ocr_par' dir='ltr' id='par_1_11' title="bbox 330 3525 1227 3608">
     <span class='ocr_line' id='line_1_25' title="bbox 330 3525 1227 3608; baseline -0.003 -17"><span class='ocrx_word' id='word_1_167' title='bbox 330 3527 348 3561; x_wconf 64' lang='lat'><strong>⁴*</strong></span> <span class='ocrx_word' id='word_1_168' title='bbox 390 3526 409 3561; x_wconf 62' lang='lat'><strong>³*</strong></span> <span class='ocrx_word' id='word_1_169' title='bbox 450 3525 469 3560; x_wconf 66' lang='lat'><strong>⁴*</strong></span> <span class='ocrx_word' id='word_1_170' title='bbox 513 3531 530 3560; x_wconf 93' lang='lat'>“</span> <span class='ocrx_word' id='word_1_171' title='bbox 543 3528 636 3605; x_wconf 89' lang='lat' dir='ltr'><strong>Esto,</strong></span> <span class='ocrx_word' id='word_1_172' title='bbox 652 3528 680 3588; x_wconf 90' lang='lat' dir='ltr'><strong>si</strong></span> <span class='ocrx_word' id='word_1_173' title='bbox 690 3528 767 3608; x_wconf 90' lang='lat' dir='ltr'><strong>quis</strong></span> <span class='ocrx_word' id='word_1_174' title='bbox 780 3526 893 3604; x_wconf 82' lang='lat' dir='ltr'><strong>mala3</strong></span> <span class='ocrx_word' id='word_1_175' title='bbox 916 3528 977 3589; x_wconf 89' lang='lat' dir='ltr'><strong>sed</strong></span> <span class='ocrx_word' id='word_1_176' title='bbox 992 3528 1084 3589; x_wconf 89' lang='lat' dir='ltr'><strong>bona</strong></span> <span class='ocrx_word' id='word_1_177' title='bbox 1098 3527 1128 3589; x_wconf 88' lang='lat' dir='ltr'><strong>si</strong></span> <span class='ocrx_word' id='word_1_178' title='bbox 1150 3528 1227 3607; x_wconf 91' lang='lat' dir='ltr'><strong>quis</strong></span> 
     </span>
    </p>
   </div>
   <div class='ocr_carea' id='block_1_6' title="bbox 329 3640 1274 3788">
    <p class='ocr_par' dir='ltr' id='par_1_12' title="bbox 329 3640 1274 3788">
     <span class='ocr_line' id='line_1_26' title="bbox 329 3640 1020 3724; baseline 0.003 -22"><span class='ocrx_word' id='word_1_179' title='bbox 329 3640 452 3724; x_wconf 87' lang='lat' dir='ltr'><strong>Judice</strong></span> <span class='ocrx_word' id='word_1_180' title='bbox 464 3640 657 3703; x_wconf 89' lang='lat' dir='ltr'><strong>condiderit</strong></span> <span class='ocrx_word' id='word_1_181' title='bbox 672 3641 833 3703; x_wconf 83' lang='lat' dir='ltr'><strong>laudatus</strong></span> <span class='ocrx_word' id='word_1_182' title='bbox 849 3641 996 3704; x_wconf 88' lang='lat' dir='ltr'><strong>Caesare</strong></span> <span class='ocrx_word' id='word_1_183' title='bbox 1008 3647 1020 3704; x_wconf 84' lang='lat' dir='ltr'><strong>l</strong></span> 
     </span>
     <span class='ocr_line' id='line_1_27' title="bbox 409 3753 1274 3788; baseline 0 0"><span class='ocrx_word' id='word_1_184' title='bbox 409 3753 428 3788; x_wconf 66' lang='lat' dir='ltr'><strong>’k</strong></span> <span class='ocrx_word' id='word_1_185' title='bbox 551 3754 569 3788; x_wconf 79' lang='lat' dir='ltr'><strong>&#39;lt</strong></span> <span class='ocrx_word' id='word_1_186' title='bbox 691 3754 710 3787; x_wconf 66' lang='lat' dir='ltr'><strong>’le</strong></span> <span class='ocrx_word' id='word_1_187' title='bbox 832 3753 851 3788; x_wconf 59' lang='lat' dir='ltr'>st</span> <span class='ocrx_word' id='word_1_188' title='bbox 972 3753 992 3788; x_wconf 58' lang='lat' dir='ltr'>st</span> <span class='ocrx_word' id='word_1_189' title='bbox 1113 3755 1132 3788; x_wconf 69' lang='lat' dir='ltr'><strong>&#39;le</strong></span> <span class='ocrx_word' id='word_1_190' title='bbox 1255 3754 1274 3788; x_wconf 69' lang='lat' dir='ltr'><strong>&#39;k</strong></span> 
     </span>
    </p>
   </div>
   <div class='ocr_carea' id='block_1_7' title="bbox 284 3007 321 3064">
    <p class='ocr_par' dir='ltr' id='par_1_13' title="bbox 284 3007 321 3064">
     <span class='ocr_line' id='line_1_28' title="bbox 284 3007 321 3064; baseline 0 0"><span class='ocrx_word' id='word_1_191' title='bbox 284 3007 321 3064; x_wconf 87' lang='lat'><strong>74</strong></span> 
     </span>
    </p>
   </div>
   <div class='ocr_carea' id='block_1_8' title="bbox 0 0 1760 5750">
    <p class='ocr_par' dir='ltr' id='par_1_14' title="bbox 0 0 1760 5750">
     <span class='ocr_line' id='line_1_29' title="bbox 0 0 1760 5750; baseline 0 5"><span class='ocrx_word' id='word_1_192' title='bbox 0 0 1760 5750; x_wconf 95' lang='lat' dir='ltr'><strong> </strong></span> 
     </span>
    </p>
   </div>
  </div>
 </body>
</html>
